@Article{Vincent93,
  author = 	"Vincent, Luc",
  title = 	"Morphological Grayscale Reconstruction in Image Analysis:
		Applications and Efficient Algorithms",
  journal = 	"IEEE Transactions on image processing",
  year = 	"1993",
  volume = 	"2",
  OPTnumber = 	"2",
  pages = 	"176-201",
  OPTmonth = 	"April",
}

@book{Soille2003,
        title = {Morphological Image Analysis: Principles an Applications},
        publisher = {Springer},
        year = {2003},
        author = {P. Soille},
	edition = {Second},
	ISBN = {3-540-42988-3}
}
