@string{Jan = "January"}
@string{Feb = "February"}
@string{Mar = "March"}
@string{Apr = "April"}
@string{May = "May"}
@string{Jun = "June"}
@string{Jul = "July"}
@string{Aug = "August"}
@string{Sep = "September"}
@string{Oct = "October"}
@string{Nov = "November"}
@string{Dec = "December"}

@string{anrt = "Association Nationale de la Recherche Technique"}
@string{as="Acta Stereologica"}
@string{assp = "IEEE Transactions on Acoustics, Speech and Signal Processing"}
@string{cacm = "Communications of the ACM"}
@string{cg = "Centre de G\'{e}ostatistique"}
@string{cgeo = "Computers and Geosciences"}
@string{cgip = "Computer Graphics and Image Processing"}
@string{cmm = "Centre de Morphologie Math\'ematique"}
@string{csiro = "Commonwealth Science and Industry Research Organization"}
@string{cssp = "Circuits Systems Signal Process"}
@string{cvgip = "Computer Vision, Graphics, and Image Processing"}
@string{cvgipgmip = "Computer Vision, Graphics, and Image Processing: Graphical 
Models and Image Processing"}
@string{cvgipiu = "Computer Vision, Graphics, and Image Processing: Image Unders
tanding"}
@string{emp = "Ecole des Mines de Paris"}
@string{emp-cmm = "Ecole des Mines de Paris, Centre de Morphologie Math\'{e}mati
que"}
@string{epfl-igr = "Ecole Polytechnique de Lausanne, Institut de
                  G\'{e}nie Rural"}
@string{grs = "IEEE Transactions on Geosciences and Remote Sensing"}
@string{itcomm = "IEEE Transactions on Communication"}
@string{itcomp = "IEEE Transactions on Computers"}
@string{ijrs = "International Journal of Remote Sensing"}
@string{jacm = "J. Assoc. Comp. Mach."}
@string{jmicro = "Journal of Microscopy"}
@string{jvcir = "Journal of Visual Communication and Image Representation"}
@string{jvciu = "Journal of Visual Communication and Image Understanding"}
@string{mathgeol = "Mathematical Geology"}
@string{oe = "Optical Engineering"}
@string{rpi = "PHOTO-INTERPRETATION"}
@string{pami = "IEEE Transactions on Pattern Analysis and Machine Intelligence"}
@string{pers = "Photogrammetric Engineering and Remote Sensing"}
@string{pr = "Pattern Recognition"}
@string{prl = "Pattern Recognition Letters"}
@string{prs = "Photogrammetria (PRS)"}
@string{smc = "IEEE Transactions on System, Man, and Cybernetics"}
@string{sigpro = "Signal Processing"}
@string{spie = "Society of Photo-Instrumentation Engineers"}
@string{tmi="The Mathematical Intelligencer"}
@string{ucl = "Universit\'{e} Catholique de Louvain"}
@string{wrr = "Water Resources Research"}
@string{ENSMP = "Ecole Nationale Sup\'{e}rieure des Mines de Paris"}

@Article{Adelson85a,
  author = 	 {Adelson, E.H. and Bergen, J.R.},
  title = 	 {Spatiotemporal energy models for the perception of motion},
  journal = 	 {Journal of the Optical Society of America},
  year = 	 1985,
  volume =	 2,
  number =	 2,
  pages =	 {284-299}
}

@Article{Adiv85a,
  author = 	"Adiv, G.",
  title = 	"Determining Three-Dimensional Motion and Structure
		 from Optical Flow Generated by Several Moving Objects",
  journal = 	"IEEE Transactions on pattern analysis and machine
		 intelligence",
  year = 	"1985",
  volume = 	"4",
  OPTnumber = 	"",
  pages = 	"384-401",
  OPTmonth = 	"July",
  OPTnote = 	""
}

@Article{Ahuja89a,
  author = 	 {Ahuja, N. and Tuceryan, M.},
  title = 	 {Extraction of Early Perceptual Structure in Dot
		  Patterns : Integrating Region, Boundary, and
		  Component Gestalt},
  journal = 	 {Computer Vision, Graphics, and Image Processing},
  year = 	 {1989},
  OPTkey = 	 {},
  volume =	 {48},
  OPTnumber = 	 {},
  OPTmonth = 	 {},
  pages =	 {304-356},
  OPTnote = 	 {},
  OPTannote = 	 {}
}

@InProceedings{Aloimonos87a,
  author = 	"Aloimonos, Y. and Bandyopadhyay, A.",
  title = 	"Active Vision",
  booktitle = 	"Proc. 1st Intern. Conf. Computer Vision, Lond",
  year = 	"1987",
  OPTeditor = 	"",
  pages = 	"35-54",
  OPTorganization = 	"",
  OPTpublisher = 	"",
  OPTaddress = 	"",
  OPTmonth = 	"",
  OPTnote = 	""
}

@InProceedings{Aloimonos90a,
  author = 	 "Aloimonos, Y.",
  title = 	 "Purposive and Qualitive Active Vision",
  OPTpages = 	 "",
  booktitle =	 "Proc. Image Understanding Workshop",
  year =	 "1990",
  OPTorganization = "",
  OPTpublisher = "",
  address =	 "Pittsburgh, PA",
  OPTmonth = 	 "Sept",
  OPTnote = 	 "",
  OPTannote = 	 ""
}

@Article{Aloimonos91a,
  author = 	"Aloimonos, Y.",
  title = 	"Purposive and Qualitive Active Vision",
  journal = 	"Unknown - from IEEE CD collection, Uni SA",
  year = 	"1991",
  OPTvolume = 	"",
  OPTnumber = 	"",
  pages = 	"24-27",
  OPTmonth = 	"",
  OPTnote = 	""
}

@TechReport{Alter95a,
  author = 	 {Alter, T.D. and Basri, R.},
  title = 	 {Extracting Salient Curves from Images : An Analysis
		  of the Saliency Network},
  institution =  {MIT Artificial Intelligence Laboratory},
  year = 	 {1995},
  OPTkey = 	 {},
  OPTtype = 	 {},
  number =	 {1550},
  OPTaddress = 	 {},
  month =	 {August},
  OPTnote = 	 {},
  OPTannote = 	 {}
}

@Article{Anderson91a,
  author = 	"Anderson, S. and  Bruce, W. H. and  Denyer, P. B. and  Renshaw, D.
		 and Wang, G.", 
  title = 	"A single chip sensor and image processor for
		 fingerprint verification", 
  journal = 	"IEEE Custom integrated circuits conference",
  year = 	"1991",
  OPTvolume = 	"",
  OPTnumber = 	"",
  pages = 	"12.1.1-12.1.4",
  OPTmonth = 	"",
  OPTnote = 	""
}

@Article{Anstis80a,
  author = 	 {Anstis, S.M.},
  title = 	 {The perception of apparent motion},
  journal = 	 {Phil. Trans. R. Soc. Lond. B.},
  year = 	 1980,
  volume =	 290,
  pages =	 {153-168}
}

@Article{Arnett72a,
  author = 	 "Arnett, D.W.",
  title = 	 "Spatial and temporal integration properties of units
		  in the first optic ganglion of dipterans",
  OPTcrossref =  "",
  OPTkey = 	 "",
  journal =	 "Journal of Neurophysiology",
  year =	 "1972",
  volume =	 "35",
  OPTnumber = 	 "",
  pages =	 "429-444",
  OPTmonth = 	 "",
  OPTnote = 	 "",
  OPTannote = 	 ""
}

@Article{Arnold92a,
  author = 	"Arnold, D. B. and Robinson, D. A.",
  title = 	"A neural network model of the vestibulo-ocular reflex
		 using a local synaptic learning rule", 
  journal = 	"Phil. Trans. R. Soc. Lond. B",
  year = 	"1992",
  volume = 	"337",
  OPTnumber = 	"",
  pages = 	"327-330",
  OPTmonth = 	"",
  OPTnote = 	""
}

@Article{Atick90a,
  author = 	"Atick, J. J. and Redlich, A. N.",
  title = 	"Towards a Theory of Early Visual Processing",
  journal = 	"Neural Computation",
  year = 	"1990",
  volume = 	"2",
  OPTnumber = 	"",
  pages = 	"308-320",
  OPTmonth = 	"",
  OPTnote = 	""
}

@Article{Bajcsy88a,
  author = 	"Bajcsy, R.",
  title = 	"Active Perception",
  journal = 	"Proceedings of the IEEE",
  year = 	"1988",
  volume = 	"76",
  number = 	"8",
  pages = 	"996-1005",
  OPTmonth = 	"August",
  OPTnote = 	""
}

@Article{Ballard83a,
  author = 	"Ballard, D. H. and Kimball, O. A.",
  title = 	"Rigid Body Motion from Depth and Optical Flow",
  journal = 	"Computer Vision, Graphics and Image Procedssing",
  year = 	"1983",
  volume = 	"22",
  OPTnumber = 	"",
  pages = 	"95-115",
  OPTmonth = 	"",
  OPTnote = 	""
}

@Article{Ballard91a,
  author = 	"Ballard, D. H.",
  title = 	"Animate Vision",
  journal = 	"Artificial Intelligence",
  year = 	"1991",
  volume = 	"48",
  OPTnumber = 	"",
  pages = 	"57-86",
  OPTmonth = 	"",
  OPTnote = 	""
}
 
@Article{Ballard92a,
  author = 	"Ballard, D. H. and Brown, C. M.",
  title = 	"Principles of Animate Vision",
  journal = 	"CVGIP: Image Understanding",
  year = 	"1992",
  volume = 	"56",
  number = 	"1",
  pages = 	"3-21",
  OPTmonth = 	"July",
  OPTnote = 	""
}

@Article{Ballard92b,
  author = 	"Ballard, D. A. and  Hayhoe, M. M. and  Li, F. and
		 Whitehead, S. D.",
  title = 	"Hand-eye coordination during sequential tasks",
  journal = 	"Phil. Trans. R. Soc Lond. B",
  year = 	"1992",
  volume = 	"337",
  OPTnumber = 	"",
  pages = 	"331-339",
  OPTmonth = 	"",
  OPTnote = 	""
}

@Article{Barlow65a,
  author = 	 "Barlow, H.B. and Levick, W.R.",
  title = 	 "The mechanism of directionally selective units in
		  the rabbit's retina",
  journal =	 "J. Physiol., Lond",
  year =	 1965,
  volume =	 178,
  pages =	 "477-504"
}

@InProceedings{Barreca94,
  author = 	 "Barreca, D. Micci. and {\"{O}\u{g}men}, H.",
  title = 	 "Steady-state and transient properties of a neural
		  network for hexapod leg control",
  OPTcrossref =  "",
  OPTkey = 	 "",
  OPTeditor = 	 "",
  OPTvolume = 	 "",
  OPTnumber = 	 "",
  OPTseries = 	 "",
  pages =	 "695-702",
  booktitle =	 "Proceedings of WCNN 1994 (San Diego)",
  year =	 "1994",
  OPTorganization = "",
  OPTpublisher = "",
  OPTaddress = 	 "",
  OPTmonth = 	 "",
  OPTnote = 	 "",
  OPTannote = 	 ""
}

@Article{Baxtera,
  author = 	"Baxter, D. J. and  Murray, A. F. and  Reekie, H. M. and  Churcher, S.
		 and Hamilton, A.", 
  title = 	"Analog CMOS techniques for {VLSI} neural networks:
		 process invariant circuits and devices", 
  journal = 	"Unknown - from IEEE CD collection, Uni SA",
  year = 	"????",
  OPTvolume = 	"",
  OPTnumber = 	"",
  pages = 	"6/1-6/6",
  OPTmonth = 	"",
  OPTnote = 	""
}

@InProceedings{Beare95,
  author = 	 {Beare, R.J. and Blanksby, A. and Bouzerdoum, A.},
  title = 	 {Low Level Visual Motion Processing using Local Motion
		  Detectors},
  booktitle = 	 {ICNN 95},
  OPTcrossref =  {},
  OPTkey = 	 {},
  OPTeditor = 	 {},
  volume =	 {1},
  OPTnumber = 	 {},
  OPTseries = 	 {},
  year =	 {1995},
  OPTorganization = {},
  OPTpublisher = {},
  OPTaddress = 	 {},
  OPTmonth = 	 {},
  pages =	 {1-6},
  OPTnote = 	 {},
  OPTannote = 	 {}
}

@InProceedings{Beare96a,
  author = 	 {Beare, R.J. and Bouzerdoum, A.},
  title = 	 {Two Dimensional Motion Computation using a Template Model},
  booktitle = 	 {ISAS 96},
  year =	 1996
}

@InProceedings{Beare96b,
  author = 	 {Beare, R.J. and Bouzerdoum, A.},
  title = 	 {Biologically Inspired Image Processing Elements},
  booktitle = 	 {ISAS 96},
  year =	 1996
}

@InProceedings{Beare96c,
  author = 	 {Beare, R.J. and Bouzerdoum, A.},
  title = 	 {Evaluation of biologically inspired motion detection
                  systems as a basis for local motion processing systems},
  booktitle = 	 {ICIP 96},
  year =	 1996
}


@InProceedings{Beare96d,
  author = 	 {Beare, R.J. and Bouzerdoum, A.},
  title = 	 "A simple model of the {SUSTAINED} neuron",
  booktitle = 	 {ANZIIS 96},
  year =	 1996
}

@Article{Bertero88a,
  author = 	"Bertero, M. and  Poggio, T. A. and Torre, V.",
  title = 	"Ill-Posed Problems in Early Vision",
  journal = 	"Proc. of the IEEE",
  year = 	"1988",
  volume = 	"76",
  number = 	"8",
  pages = 	"869-887",
  OPTmonth = 	"",
  OPTnote = 	""
}

@Article{Bialek,
  author = 	"Bialek, W. and  Rieke, F. and  {De Ruyter van Steveninck}, R. R.
		 and Warland, D.", 
  title = 	"Reading a Neural Code",
  journal = 	"Science",
  year = 	"????",
  volume = 	"252",
  OPTnumber = 	"",
  pages = 	"1854-1857",
  OPTmonth = 	"",
  OPTnote = 	""
}

@Article{Blake92a,
  author = 	"Blake, A.",
  title = 	"Computational Modelling of hand-eye coordination",
  journal = 	"Phil. Trans. R. Soc Lond. B",
  year = 	"1992",
  volume = 	"337",
  OPTnumber = 	"",
  pages = 	"351-360",
  OPTmonth = 	"",
  OPTnote = 	""
}



@Article{Blake93a,
  author = 	 {Blake, A. and Curwen, R. and Zisserman, A.},
  title = 	 {A framework for spatio-temporal control in the
                  tracking of visual contours},
  journal = 	 {International Journal of Computer Vision},
  year = 	 {1993},
  OPTkey = 	 {},
  OPTvolume = 	 {11},
  OPTnumber = 	 {2},
  OPTmonth = 	 {},
  OPTpages = 	 {127-145},
  OPTnote = 	 {},
  OPTannote = 	 {}
}

@InProceedings{Blake94a,
  author = 	 {Blake, A. and Isard, M. and Reynard, D.},
  title = 	 {Learning to track curves in motion},
  booktitle = 	 {Proc. IEEE Int. Conf. on Decision Theory and Control},
  year =	 1994,
  pages =	 {3788-3793}
}

@Article{Blake95a,
  author = 	 {Blake, A. and Isard, M. and Reynard, D.},
  title = 	 {Learning to track the visual motion of contours},
  journal = 	 {Artificial Intelligence},
  year = 	 1995,
  volume =	 78,
  pages =	 {101-103}
}

@Article{BlakeR94,
  author = 	 "Blake, R.",
  title = 	 "GIBSONS INSPIRED BUT LATENT PRELUDE TO VISUAL MOTION
		  PERCEPTION",
  OPTcrossref =  "",
  OPTkey = 	 "",
  journal =	 "PSYCHOLOGICAL REVIEW",
  year =	 "1994",
  volume =	 "101",
  number =	 "2",
  pages =	 "324-328",
  OPTmonth = 	 "April",
  OPTnote = 	 "",
  OPTannote = 	 ""
}

@Article{Borst89a,
  author = 	"Borst, A. and Egelhaaf, M.",
  title = 	"Principles of visual motion detection",
  journal = 	"TINS",
  year = 	"1989",
  volume = 	"12",
  number = 	"8",
  pages = 	"297-306",
  OPTmonth = 	"",
  OPTnote = 	""
}

@Article{Borst93a,
  author = 	"Borst, A. and Egelhaaf, M. and Seung, H. S.",
  title = 	"Two-Dimensional Motion Perception in Flies",
  journal = 	"Neural Computation",
  year = 	"1993",
  volume = 	"5",
  OPTnumber = 	"",
  pages = 	"856-868",
  OPTmonth = 	"",
  OPTnote = 	""
}

@Article{Bouzerdoum89a,
  author = 	"Bouzerdoum, A. and Pinter, R. B.",
  title = 	"Image Motion Processing in Biological and Computer
		 Vision Systems", 
  journal = 	"SPIE Vol. 1199 Visual Communications and Image Processing IV",
  year = 	"1989",
  OPTvolume = 	"",
  OPTnumber = 	"",
  pages = 	"1229-1240",
  OPTmonth = 	"",
  OPTnote = 	""
}


@PhDThesis{Bouzerdoum91a,
  author = 	"Bouzerdoum, A.",
  title = 	"Nonlinear lateral inhibitory neural networks analysis
		 and application to motion detection",
  school = 	"University of Washington",
  year = 	"1991",
  OPTaddress = 	"",
  OPTmonth = 	"",
  OPTnote = 	""
}

@Article{Bouzerdoum93a,
  author = 	"Bouzerdoum, A. and Pinter, R. B.",
  title = 	"Shunting Inhibitory Cellular Neural Networks:
		 Derivation and Stability Analysis", 
  journal = 	"IEEE Transactions on Circuits and Systems-1:
		 Fundamental theory and applications", 
  year = 	"1993",
  volume = 	"40",
  number = 	"3",
  pages = 	"215-221",
  OPTmonth = 	"March",
  OPTnote = 	""
}

@InProceedings{Bouzerdoum93b,
  author = 	"Bouzerdoum, A. and Pinter, R. B.",
  title = 	"A neural network model for Motion Detection in the
		 fly visual system", 
  booktitle = 	"World Congress on Neural Networks",
  year = 	"1993",
  OPTeditor = 	"",
  OPTpages = 	"",
  OPTorganization = 	"",
  OPTpublisher = 	"",
  OPTaddress = 	"",
  OPTmonth = 	"July",
  OPTnote = 	""
}

@Article{Bouzerdoum93c,
  author = 	"Bouzerdoum, A.",
  title = 	"The elementary movement detection mechanism in insect vision",
  journal = 	"Phil. Trans. R. Soc. Lond. B",
  year = 	"1993",
  volume = 	"339",
  OPTnumber = 	"",
  pages = 	"375-384",
  OPTmonth = 	"",
  OPTnote = 	""
}

@InProceedings{Bouzerdoum94a,
  author = 	"Bouzerdoum, A.",
  title = 	"A heirarchical model for early visual processing",
  booktitle = 	"SPIE 2179 - Human vision, visual processing and digital display",
  year = 	"1994",
  OPTeditor = 	"",
  pages = 	"10-17",
  OPTorganization = 	"",
  OPTpublisher = 	"",
  OPTaddress = 	"",
  OPTmonth = 	"",
  OPTnote = 	""
}
@InProceedings{Bouzerdoum94b,
  author = 	"Bouzerdoum, A. and Moini, A.and Yakovleff, A. and
		  Nguyen, X.T. and Bogner, R.E. and Eshragian, K.",
  title = 	"A smart visual micro-sensor",
  booktitle = 	"International Conference on Systems, Man, and Cybernetics",
  year = 	"1994",
  OPTeditor = 	"",
  pages = 	"276-279",
  OPTorganization = 	"",
  OPTpublisher = 	"",
  OPTaddress = 	"",
  OPTmonth = 	"",
  OPTnote = 	""
}

		  
@Article{Braddick74a,
  author = 	 {Braddick, O.},
  title = 	 {A short-range process in apparent motion},
  journal = 	 {Vision Research},
  year = 	 1974,
  volume =	 14,
  pages =	 {137-151}
}

@Article{Braddick93a,
  author = 	"Braddick, O.",
  title = 	"Segmentation versus integration in visual motion processing",
  journal = 	"TINS",
  year = 	"1993",
  volume = 	"16",
  number = 	"17",
  pages = 	"263-268",
  OPTmonth = 	"",
  OPTnote = 	""
}

@Article{Brady92a,
  author = 	"Brady, M. and Wang, H.",
  title = 	"Vision for Mobile Robots",
  journal = 	"Phil. Trans. R. Soc Lond. B",
  year = 	"1992",
  volume = 	"337",
  OPTnumber = 	"",
  pages = 	"341-350",
  OPTmonth = 	"",
  OPTnote = 	""
}

@Article{Buchner76,
  author = 	"Buchner, E.",
  title = 	"Elementary Movement Detectors in an Insect Visual System",
  journal = 	"Biol. Cybern.",
  year = 	"1976",
  volume = 	"24",
  OPTnumber = 	"",
  pages = 	"85-101",
  OPTmonth = 	"",
  OPTnote = 	""
}

@Article{Bulthoff89a,
  author = 	"Bulthoff, H. and Little, J. and Poggio, T.",
  title = 	"A parallel algorithm for real time computation of
		 optical flow", 
  journal = 	"Nature",
  year = 	"1989",
  volume = 	"337",
  OPTnumber = 	"",
  pages = 	"549-555",
  OPTmonth = 	"February",
  OPTnote = 	""
}

@Article{Chua88a,
  author = 	"Chua, L. O. and Yang, L.",
  title = 	"Cellular Neural Networks: Applications",
  journal = 	"IEEE Transactions on circuits and systems",
  year = 	"1988",
  volume = 	"35",
  number = 	"10",
  pages = 	"1273-1290",
  OPTmonth = 	"",
  OPTnote = 	""
}

@Article{Chua88b,
  author = 	"Chua, L. O. and Yang, L.",
  title = 	"Cellular Neural Networks: Theory",
  journal = 	"IEEE Transactions on circuits and systems",
  year = 	"1988",
  volume = 	"35",
  number = 	"10",
  pages = 	"1257-1272",
  OPTmonth = 	"",
  OPTnote = 	""
}

@InProceedings{Cole93a,
  author = 	"Cole, P. H. and Al-sarawi, S. F.",
  title = 	"Three New Controlled Gain Amplifiers",
  booktitle = 	"Micro conference (Gold Coast)",
  year = 	"1993",
  OPTeditor = 	"",
  pages = 	"141-146",
  OPTorganization = 	"",
  OPTpublisher = 	"",
  OPTaddress = 	"",
  OPTmonth = 	"",
  OPTnote = 	""
}

@Article{Collett,
  author = 	"Collett, T. S.",
  title = 	"Landmark learning and guidance in insects",
  journal = 	"Phil. Trans. R. Soc. Lond. B ",
  year = 	"1992",
  volume = 	"337",
  OPTnumber = 	"",
  pages = 	"295-303",
  OPTmonth = 	"",
  OPTnote = 	""
}

@Article{Culhane92a,
  author = 	"Culhane, S. M. and Tsotsos, J. K.",
  title = 	"A prototype for data-driven visual attention",
  journal = 	"Unknown - from IEEE CD collection, Uni SA",
  year = 	"1992",
  OPTvolume = 	"",
  OPTnumber = 	"",
  pages = 	"36-40",
  OPTmonth = 	"",
  OPTnote = 	""
}


@Article{Darling93a,
  author = 	"Darling, R. P. and Dietze, W. T.",
  title = 	"Implementation of Multiplicative Lateral Inhibition
		 in a GaAs Sensory Neural-Network Photodetector Array",
  journal = 	"IEEE journal of quantum electronics",
  year = 	"1993",
  volume = 	"29",
  number = 	"2",
  pages = 	"645-654",
  OPTmonth = 	"February",
  OPTnote = 	""
}

@Article{Deriche90a,
  author = 	 {Deriche, R. and Faugeras, O.D.},
  title = 	 {Tracking Line Segments},
  journal = 	 {Image and Vision Computing},
  year = 	 1990,
  volume =	 8,
  number =	 4,
  month =	 {November},
  pages =	 {261-270}
}

@Article{Dreschler82a,
  author = 	"Dreschler, L. and Nagel, H.",
  title = 	"Volumetric Model and {3-D} trajectory of a moving car
		 derived from monocular TV frame sequences of a street scene",
  journal = 	"Computer Graphics and Image Processing",
  year = 	"1982",
  volume = 	"20",
  OPTnumber = 	"",
  pages = 	"199-228",
  OPTmonth = 	"",
  OPTnote = 	""
}

 @Book{Dougherty93a,
  ALTauthor = 	 {},
  editor = 	 {E. Dougherty},
  title = 	 {Mathematical Morphology in Image Processing},
  publisher = 	 {Marcel Dekker Inc.},
  year = 	 {1993},
  OPTkey = 	 {},
  OPTvolume = 	 {},
  OPTnumber = 	 {},
  OPTseries = 	 {},
  OPTaddress = 	 {},
  OPTedition = 	 {},
  OPTmonth = 	 {},
  OPTnote = 	 {},
  OPTannote = 	 {}
}


@Article{Dubs82a,
  author = 	 {Dubs, A.},
  title = 	 {The spatial integration of signals in the retina and
                  lamina of the fly compound eye under different
                  conditions of luminance.},
  journal = 	 {Journal of Comparative Physiology},
  year = 	 1982,
  volume =	 146,
  pages =	 {321-343}
}

@Article{Eckert80a,
  author = 	"Eckert, H.",
  title = 	"Functional Properties of the {H1}-Neurone in the Third
		 Optic Ganglion of the Blowfly, {\em Phaenicia}", 
  journal = 	"J. Comp. Physiol.",
  year = 	"1980",
  volume = 	"135",
  OPTnumber = 	"",
  pages = 	"29-39",
  OPTmonth = 	"",
  OPTnote = 	""
}

@Article{Egelhaaf87a,
  author = 	"Egelhaaf, M. and Reichardt, W. E.",
  title = 	"Dynamic Response properties of Movement Detectors:
		 Theoretical Analysis and Electrophysical
		 Investigation in the Visual system of the fly", 
  journal = 	"Biol Cybern",
  year = 	"1987",
  volume = 	"56",
  OPTnumber = 	"",
  pages = 	"69-87",
  OPTmonth = 	"",
  OPTnote = 	""
}

@Article{Egelhaaf88a,
  author = 	"Egelhaaf, M. and Hausen, K. and Reichardt, W. and Wehrhahn, C.",
  title = 	"Visual course control in flies relies on neuronal
		 computation of object and background motion",
  journal = 	"TINS",
  year = 	"1988",
  volume = 	"11",
  number = 	"8",
  pages = 	"351-358",
  OPTmonth = 	"",
  OPTnote = 	""
}

@Article{Egelhaaf89a,
  author = 	"Egelhaaf, M. and Borst, A.",
  title = 	"Transient and steady-state response properties of
		 movement detectors",
  journal = 	"J. Opt. Soc. Am.",
  year = 	"1989",
  volume = 	"6",
  number = 	"1",
  pages = 	"116-127",
  OPTmonth = 	"",
  OPTnote = 	""
}

@Article{Egelhaaf92a,
  author = 	"Egelhaaf, M. and Borst, A.",
  title = 	"Are there separate ON and OFF channels in the fly
		 motion vision?", 
  journal = 	"Visual Neuroscience",
  year = 	"1992",
  OPTvolume = 	"",
  OPTnumber = 	"",
  pages = 	"151-164",
  OPTmonth = 	"",
  OPTnote = 	""
}

@Article{Egelhaaf93a,
  author = 	"Egelhaaf, M. and Borst, A.",
  title = 	"Motion Computation and visual orientation in flies",
  journal = 	"Comp. Biochem Physiol",
  year = 	"1993",
  volume = 	"104A",
  number = 	"4",
  pages = 	"659-673",
  OPTmonth = 	"",
  OPTnote = 	""
}


@InProceedings{Enkelmann86a,
  author = 	"Enkelmann, W.",
  title = 	"Investigation of Multigrid Algorithms for the
		 Estimation of Optical Flow Fields in Image Sequences",
  booktitle = 	"Proc Workshop on motion: representation and analysis",
  year = 	"1986",
  OPTeditor = 	"",
  pages = 	"81-87",
  OPTorganization = 	"",
  OPTpublisher = 	"",
  OPTaddress = 	"",
  OPTmonth = 	"",
  OPTnote = 	""
}


@Article{Fahle,
  author = 	"Fahle, M. and {De Luca}, E.",
  title = 	"Spatio-Temporal Interpolation in Depth",
  journal = 	"Vision Res",
  year = 	"????",
  volume = 	"34",
  number = 	"3",
  pages = 	"343-348",
  OPTmonth = 	"",
  OPTnote = 	""
}

@Article{Fennema79a,
  author = 	"Fennema, C. L. and Thompson, W. B.",
  title = 	"Velocity Determination in Scenes Containing Several
		 moving images", 
  journal = 	"CVGIP-9",
  year = 	"1979",
  OPTvolume = 	"",
  OPTnumber = 	"",
  pages = 	"301-315",
  OPTmonth = 	"",
  OPTnote = 	""
}

@Article{Fermuller93a,
  author = 	"Fermuller, C. and Aloimonos, Y.",
  title = 	"The Role of Fixation in Visual Motion Analysis",
  journal = 	"International Journal of Computer Vision",
  year = 	"1993",
  volume = 	"11",
  number = 	"2",
  pages = 	"165-186",
  OPTmonth = 	"",
  OPTnote = 	""
}

@Article{Fleet89a,
  author = 	"Fleet, D. J. and Jepson, A. D.",
  title = 	"Hierarchical Construction of Orientation and Velocity
		 Sensitive Filters", 
  journal = 	"IEEE Transactions on pattern analysis and machine intelligence",
  year = 	"1989",
  volume = 	"11",
  number = 	"3",
  pages = 	"315-325",
  OPTmonth = 	"March",
  OPTnote = 	""
}

@Article{Flynn88a,
  author = 	"Flynn, A. M. and Brooks, R. A.",
  title = 	"{MIT} Mobile Robots - What's next? ",
  journal = 	"Unknown - from IEEE CD collection, Uni SA",
  year = 	"1988",
  OPTvolume = 	"",
  OPTnumber = 	"",
  pages = 	"611-617",
  OPTmonth = 	"",
  OPTnote = 	""
}

@Article{Fodor81a,
  author = 	 "Fodor, J.A. and Pylyshyn, Z.W.",
  title = 	 "How direct is visual perception? {Some reflections on
		  Gibson's} ``{Ecological Approach}''",
  journal =	 "Cognition",
  year =	 "1981",
  volume =	 "9",
  pages =	 "139-196"
}

@Article{Foster71a,
  author = 	"Foster, D. H.",
  title = 	"A model of the human visual system and its response
		 to certain classes of moving stimuli", 
  journal = 	"Kybernetik",
  year = 	"1971",
  OPTvolume = 	"",
  OPTnumber = 	"",
  pages = 	"69-84",
  OPTmonth = 	"",
  OPTnote = 	""
}

@InCollection{Franceschini89a,
  author = 	 "Franceschini, N. and Riehle, A. and {Le Nestour}, A.",
  title = 	 "Directionally sensitive motion detection by insect neurons",
  OPTcrossref =  "",
  OPTkey = 	 "",
  booktitle =	 "Facets of Vision",
  publisher =	 "Berlin: Springer-Verlag",
  year =	 "1989",
  editor =	 "Stavenga, D. G. and Hardie, R. C.",
  OPTvolume = 	 "",
  OPTnumber = 	 "",
  OPTseries = 	 "",
  OPTtype = 	 "",
  OPTchapter = 	 "",
  pages =	 "360-389",
  OPTaddress = 	 "",
  OPTedition = 	 "",
  OPTmonth = 	 "",
  OPTnote = 	 "",
  OPTannote = 	 ""
}

@Article{Franceschini92a,
  author = 	"Franceschini, N. and Pichon, J. M. and Blanes, C.",
  title = 	"From insect vision to robot vision",
  journal = 	"Phil. Trans. R. Soc Lond. B",
  year = 	"1992",
  volume = 	"337",
  OPTnumber = 	"",
  pages = 	"283-294",
  OPTmonth = 	"",
  OPTnote = 	""
}

@Book{Gibson79a,
  author = 	"Gibson, J. J.",
  title = 	"{The Ecological Approach to Visual Perception}",
  publisher = 	"{Houghton Mifflin, Boston}",
  year = 	"1979",
  OPTeditor = 	"",
  OPTvolume = 	"",
  OPTseries = 	"",
  OPTaddress = 	"",
  OPTedition = 	"",
  OPTmonth = 	"",
  OPTnote = 	""
}

@Article{Glasbey98a,
  author = 	 {Glaseby, C. A.},
  title = 	 {A review of image warping methods},
  journal = 	 {Journal of Applied Statistics},
  year = 	 {1998},
  OPTkey = 	 {},
  volume = 	 {25},
  OPTnumber = 	 {},
  pages = 	 {155-171},
  OPTmonth = 	 {},
  OPTnote = 	 {},
  OPTannote = 	 {}
}

@Article{Goodman60a,
  author = 	 {Goodman, L.J.},
  title = 	 {The landing responses of insects. The landing
                  response of the fly {\em Lucilia sericata}, and
                  other Calliphorinae.},
  journal = 	 {J. Exp. Biol.},
  year = 	 1960,
  volume =	 37,
  pages =	 {854-878}
}

@Article{Gorea93,
  author = 	"Gorea, A. and Papathomas, T. V. and Kovacs, I.",
  title = 	"Motion Perception with Spatiotemporally Matched
		 Chromatic and Achromatic Information Reveals a {"Slow"}
		 and a {"Fast"} Motion System", 
  journal = 	"Vision Res.",
  year = 	"1993",
  volume = 	"33",
  number = 	"17",
  pages = 	"2515-2534",
  OPTmonth = 	"",
  OPTnote = 	""
}

@Article{Granlund94a,
  author = 	"Granlund, G. H. and Knutsson, H. and Westelius, C. and Wiklund, J.",
  title = 	"Issues in Robot Vision",
  journal = 	"Image and Vision Computing",
  year = 	"1994",
  volume = 	"12",
  number = 	"3",
  pages = 	"131-148",
  OPTmonth = 	"April",
  OPTnote = 	""
}

@Article{Gruss91a,
   author    = {Gruss, A. and  Carely, L.R. and Kanade, T.},
   title     = {Integrated Sensor and Range-Finding Analog Signal
Processor},
   journal   = "Journal of Solid State Circuits",
   pages     = {184--191},
   year      = {1991},
   month     = mar,
   volume    = {26},
   number    = {3}
}
@Book{Haber73,
  author = 	 {Haber, R. N. and Hershenson, M.},
  title = 	 {The Psychology of Visual Perception},
  publisher = 	 {Holt, Rinehart and Winston},
  year = 	 "1973"
}

@Book{Hamlyn57,
  author = 	 {Hamlyn, D.W.},
  title = 	 {The Psychology of visual Perception. A Philosophical
		  Examination of Gestalt Theory and Derivative
		  Theories of Perception},
  publisher = 	 {Routledge and Kegan Paul},
  year = 	 "1957"
}


@Article{Harris90a,
  author = 	 {Harris, J. and Koch, C. and Staats, E. and Luo, J.},
  title = 	 {Analog hardware for detecting discontinuities in
                  early vision},
  journal = 	 {International Journal of Computer VIsion},
  year = 	 1990,
  volume =	 4,
  pages =	 {211-223}
}

@Article{Hartline57a,
  author = 	 {Hartline, H.K. and Ratliff, F.},
  title = 	 {Inhibitory interaction of receptor units in the eye
                  of Limulus},
  journal = 	 {J. Gen. Physiol},
  year = 	 1957,
  volume =	 40,
  pages =	 {357-376}
}

@Book{Hartline74a,
  author = 	 "Hartline, H.K. and Ratliff, F.",
  title = 	 "Studies in Excitation and Inhibition in the Retina",
  publisher = 	 "New York: Rockefeller University Press",
  year = 	 1974
}

@InProceedings{Hassentein56a,
  author = 	"Hassentein, B. and Reichardt, W.",
  title = 	"Functional Structure of a mechanism of perception of
		 optical movement",
  booktitle = 	"{Proc. Int. Cong. Cybern, Namur}",
  year = 	"1956",
  OPTeditor = 	"",
  pages = 	"797-801",
  OPTorganization = 	"",
  OPTpublisher = 	"",
  OPTaddress = 	"",
  OPTmonth = 	"",
  OPTnote = 	""
}

@Article{Hateren92a,
  author = 	 {van Hateren, J.H.},
  title = 	 "Theoretical predictions of spatiotemporal receptive
                  fields of fly {LMCs}, and experimental validation",
  journal = 	 {J. Comp. Physiol A},
  year = 	 1992,
  volume =	 171,
  pages =	 {157-170}
}

@InProceedings{Heeger87a,
  author = 	"Heeger, D. J.",
  title = 	"Analyzing object motion based on optical flow",
  booktitle = 	"Proc 1th Int Conf Comp Vis, Lond",
  year = 	"1987",
  OPTeditor = 	"",
  pages = 	"171-180",
  OPTorganization = 	"",
  OPTpublisher = 	"",
  OPTaddress = 	"",
  OPTmonth = 	"",
  OPTnote = 	""
}

@InProceedings{Heeger87b,
  author = 	 {Heeger, D.},
  title = 	 {Optical Flow from Spatiotemporal Filters},
  booktitle = 	 {Proceedings 1st International Conference on Computer Vision},
  year =	 1987,
  pages =	 {181-190}
}

@Article{Heeger90a,
  author = 	"Heeger, D. J. and Jepson, A.",
  title = 	"Visual Perception of Three-Dimensional Motion",
  journal = 	"Neural Computation",
  year = 	"1990",
  OPTvolume = 	"",
  OPTnumber = 	"",
  pages = 	"130-137",
  OPTmonth = 	"",
  OPTnote = 	""
}

@Book{Helmholtz,
  author = 	 {Helmholtz, H. L. F.},
  title = 	 {Treatise on physiological optics},
  publisher = 	 {[Rochester] : Optical Society of America},
  year = 	 {1924}
}

@Article{Herve,
  author = 	"Herve, J. and Aloimonos, Y.",
  title = 	"Exploratory Active Vision: Theory",
  journal = 	"Unknown - from IEEE CD collection, Uni SA",
  year = 	"????",
  OPTvolume = 	"",
  OPTnumber = 	"",
  OPTpages = 	"",
  OPTmonth = 	"",
  OPTnote = 	""
}



@Article{Heuer93a,
  author = 	 "Heuer, H.",
  title = 	 "Estimates of time to contact based on changing size
		  and changing target vergence",
  journal =	 "Perception",
  year =	 1993,
  volume =	 22,
  pages =	 "549-563"
}

@Article{Hildreth84a,
  author = 	"Hildreth, E. C. ",
  title = 	"The Computation of the Velocity Field",
  journal = 	"Proc. R. Soc. Lond. B.",
  year = 	"1984",
  volume = 	"221",
  number = 	"189-220",
  OPTpages = 	"",
  OPTmonth = 	"",
  OPTnote = 	""
}

@Article{Hildreth87a,
  author = 	"Hildreth, E. C. and Koch, C.",
  title = 	"The Analysis of Visual Motion: from Computational
		 Theory to Neuronal Mechanisms", 
  journal = 	"Ann. Rev. Neurosci",
  year = 	"1987",
  volume = 	"10",
  OPTnumber = 	"",
  pages = 	"477-533",
  OPTmonth = 	"",
  OPTnote = 	""
}

@Article{Hildreth92a,
  author = 	"Hildreth, E. C.",
  title = 	"Recovering heading for visually guided navigation in
		 the presence of self-moving objects", 
  journal = 	"Phil. Trans. R. Soc. Lond. B.",
  year = 	"1992",
  volume = 	"337",
  OPTnumber = 	"",
  pages = 	"305-313",
  OPTmonth = 	"",
  OPTnote = 	""
}

@InProceedings{Horiuchi96a,
  author = 	 {Horiuchi, T. and Koch, C.},
  title = 	 "Analog {VLSI} Circuits for visual motion-based
                  adaption of post-saccadic drift",
  booktitle = 	 {MicroNeuro96},
  year =	 1996
}

@Article{Horn81a,
  author = 	"Horn, B. K. P. and Schunck, B. G.",
  title = 	"Determining Optical Flow",
  journal = 	"Artificial Intelligence",
  year = 	"1981",
  volume = 	"17",
  OPTnumber = 	"",
  pages = 	"185-203",
  OPTmonth = 	"",
  OPTnote = 	""
}

@Book{Horn89a,
  author = 	"Horn, B. K. P. and Brooks, M. J.",
  title = 	"Shape from Shading",
  publisher = 	"the {MIT} Press",
  year = 	"1989",
  OPTeditor = 	"",
  OPTvolume = 	"",
  OPTseries = 	"",
  OPTaddress = 	"",
  OPTedition = 	"",
  OPTmonth = 	"",
  OPTnote = 	""
}

@Article{Horridge90a,
  author = 	"Horridge, G. A. and Marcelja, L.",
  title = 	"Responses of the {H1} neuron of the fly to contrast and
		 moving bars",  
  journal = 	"Phil. Trans. R. Soc. Lond. B",
  year = 	"1990",
  volume = 	"329",
  OPTnumber = 	"",
  pages = 	"75-80",
  OPTmonth = 	"",
  OPTnote = 	""
}

@Article{Horridge90b,
  author = 	"Horridge, G. A. and Marcelja, L.",
  title = 	"Responses of the {H1} neuron of the fly to jumped edges", 
  journal = 	"Phil. Trans. R. Soc. Lond. B",
  year = 	"1990",
  volume = 	"327",
  OPTnumber = 	"",
  pages = 	"65-73",
  OPTmonth = 	"",
  OPTnote = 	""
}

@Article{Horridge90c,
  author = 	"Horridge, G. A. and Sobey, P.",
  title = 	"An artificial seeing system copying insect vision",
  journal = 	"International Journal of optoelectronics",
  year = 	"1990",
  volume = 	"5",
  number = 	"3",
  OPTpages = 	"",
  OPTmonth = 	"",
  OPTnote = 	""
}

@Article{Horridge90d,
  author = 	"Horridge, G. A. and Wang, X. and Zhang, S. W.",
  title = 	"Colour inputs to motion and object vision in an insect",
  journal = 	"Phil. Trans. R. Soc. Lond. B",
  year = 	"1990",
  volume = 	"329",
  OPTnumber = 	"",
  pages = 	"257-263",
  OPTmonth = 	"",
  OPTnote = 	""
}

@Article{Horridge91a,
  author = 	"Horridge, G. A. and Marcelja, L.",
  title = 	"A test for multiplication in insect directional
		 motion detectors", 
  journal = 	"Phil. Trans. R. Soc. Lond. B",
  year = 	"1991",
  volume = 	"331",
  OPTnumber = 	"",
  pages = 	"199-204",
  OPTmonth = 	"",
  OPTnote = 	""
}

@Article{Horridge91b,
  author = 	"Horridge, G. A.",
  title = 	"Ratios of template responses as the basis for semivision",
  journal = 	"Phil. Trans. R. Soc. Lond. B ",
  year = 	"1991",
  volume = 	"331",
  number = 	"189-197",
  OPTpages = 	"",
  OPTmonth = 	"",
  OPTnote = 	""
}

@Article{Horridge92a,
  author = 	"Horridge, G. A. and Marcelja, L.",
  title = 	"On the existence of ``fast'' and ``slow'' directionally
		 sensitive motion detector neurons in insects",
  journal = 	"Phil. Trans. R. Soc. Lond. B",
  year = 	"1992",
  volume = 	"248",
  OPTnumber = 	"",
  pages = 	"47-54",
  OPTmonth = 	"",
  OPTnote = 	""
}

@Article{Horridge92b,
  author = 	"Horridge, G. A. and Zhang, S. W. and Lehrer, M.",
  title = 	"Bees can combine range and visual angle to estimate
		 absolute size", 
  journal = 	"Phil. Trans. R. Soc. Lond. B ",
  year = 	"1992",
  volume = 	"337",
  number = 	"49-57",
  OPTpages = 	"",
  OPTmonth = 	"",
  OPTnote = 	""
}

@Article{Horridge92c,
  author = 	"Horridge, G. A. and Zhang, S. W. and O'Carroll, D.",
  title = 	"Insect perception of illusory contours ",
  journal = 	"Phil. Trans. R. Soc. Lond. B",
  year = 	"1992",
  volume = 	"337",
  OPTnumber = 	"",
  pages = 	"59-64",
  OPTmonth = 	"",
  OPTnote = 	""
}

@Article{Horridge92d,
  author = 	"Horridge, G. A.",
  title = 	"What can engineers learn from insect vision?",
  journal = 	"Phil. Trans. R. Soc Lond. B",
  year = 	"1992",
  volume = 	"337",
  OPTnumber = 	"",
  pages = 	"271-282",
  OPTmonth = 	"",
  OPTnote = 	""
}

@Article{Huang94,
  author = 	 "Huang, L. Q. and Aloimonos, Y.",
  title = 	 "HOW NORMAL FLOW CONSTRAINS RELATIVE DEPTH FOR AN
		  ACTIVE OBSERVER",
  OPTcrossref =  "",
  OPTkey = 	 "",
  journal =	 "IMAGE AND VISION COMPUTING",
  year =	 "1994",
  volume =	 "12",
  number =	 "7",
  pages =	 "435-445",
  OPTmonth = 	 "September",
  OPTnote = 	 "",
  OPTannote = 	 ""
}

@Article{Hummel83a,
  author = 	 {Hummel, R. A. and Zucker, S.W.},
  title = 	 {On the Foundations of Relaxation Labelling Processes},
  journal = 	 {Pattern Analysis and Machine Intelligence},
  year = 	 1983,
  volume =	 5,
  number =	 3,
  pages = {267-287}
}

@Article{Huntsberger88a,
  author = 	"Huntsberger, T. L. and Jayaramamurthy, S. N.",
  title = 	"Determination of the optic flow field in the presence
		 of occlusion", 
  journal = 	"Pattern recognition letters",
  year = 	"1988",
  volume = 	"8",
  OPTnumber = 	"",
  pages = 	"325-333",
  OPTmonth = 	"",
  OPTnote = 	""
}


@InProceedings{Isard96a,
  author = 	 {Isard, M. and Blake, A.},
  title = 	 {Contour tracking by stochastic propogation of
                  conditional density},
  booktitle = 	 {Proc. European Conf on Computer Vision},
  year =	 1996,
  pages =	 {343-356}
}

@Article{Jain91a,
  author = 	 {Jain, R.C. and Binford, T.O.},
  title = 	 {Ignorance, myopia, and naivete in computer vision systems},
  journal = 	 {CVGIP: Image Understanding},
  year = 	 1991,
  volume =	 53,
  number =	 1,
  pages =	 {112-117}
}

@Article{Jian91a,
  author = 	"Jian, S. and Horridge, G. A.",
  title = 	"The {H1} neuron measures changes in velocity
		 irrespective of contrast frequency, mean velocity or
		 velocity modulation frequency", 
  journal = 	"Phil. Trans. R. Soc. Lond. B ",
  year = 	"1991",
  volume = 	"331",
  OPTnumber = 	"",
  pages = 	"205-211",
  OPTmonth = 	"",
  OPTnote = 	""
}

@Article{Jolion94a,
  author = 	"Jolion, J.",
  title = 	"Computer Vision Methodologies",
  journal = 	"CVGIP: Image Understanding",
  year = 	"1994",
  volume = 	"59",
  number = 	"1",
  pages = 	"53-71",
  OPTmonth = 	"January",
  OPTnote = 	""
}

@Book{Julesz71a,
  author = 	 {Julesz, B.},
  title = 	 {Foundations of cyclopean perception.},
  publisher = 	 {University of Chicago Press},
  year = 	 1971
}
@Article{Kanatani93a,
  author = 	"Kanatani, K. ",
  title = 	"{3-D} Interpretation of Optical Flow by Renormalization ",
  journal = 	"International Journal of Computer Vision",
  year = 	"1993",
  volume = 	"11",
  number = 	"3",
  pages = 	"267-282",
  OPTmonth = 	"",
  OPTnote = 	""
}



@Book{Kerkut85,
  author = 	 {Kerkut, G. A. and Gilbert, L. I.},
  title = 	 {Comprehensive Insect
Physiology, Biochemistry, and Pharmacology},
  publisher = 	 {New York, Pergamon Press},
  year = 	 1985
}

@Book{Kanizsa79,
  author = 	 {Kanizsa79},
  title = 	 {Organization in Vision - Essays on Gestalt Perception},
  publisher = 	 {Praeger Publishers},
  year = 	 "1979"
}

@Article{Kearney87a,
  author = 	"Kearney, J. K. and Thompson, W. B. and Boley, D. L.",
  title = 	"Optical Flow Estimation: An Error Analysis of
		 Gradient-Based Methods with Local Optimization", 
  journal = 	"IEEE Trans. on Pattern Analysis and Machine Intelligence",
  year = 	"1987",
  volume = 	"9",
  OPTnumber = 	"",
  pages = 	"229-244",
  OPTmonth = 	"",
  OPTnote = 	""
}

@Article{Koch91a,
  author = 	"Koch, C. and Moore, A. and Bair, W. and Horiuchi, T. and Bishofberger
		 B. and Lazzaro, J.", 
  title = 	"Computing Motion Using Analog {VLSI} Vision Chips: An
		 Experimental Comparison Among Four Approaches",
  journal = 	"Unknown - from IEEE CD collection, Uni SA",
  year = 	"1991",
  OPTvolume = 	"",
  OPTnumber = 	"",
  pages = 	"312-323",
  OPTmonth = 	"",
  OPTnote = 	""
}

@Article{Koenderink75,
  author = 	 "Koenderink, J. J. and {van Doorn}, A. J.",
  title = 	 "Invariant properties of the motion parallax field
		  due to the movement of rigid objects relative to an
		  observer",
  OPTcrossref =  "",
  OPTkey = 	 "",
  journal =	 "Optica Acta",
  year =	 "1975",
  volume =	 "22",
  number =	 "9",
  pages =	 "773-791",
  OPTmonth = 	 "",
  OPTnote = 	 "",
  OPTannote = 	 ""
}

@Article{Koenderink86a,
  author = 	"Koenderink, J. J.",
  title = 	"Optic Flow ",
  journal = 	"Vision Res",
  year = 	"1986",
  volume = 	"26",
  number = 	"1",
  pages = 	"161-180",
  OPTmonth = 	"",
  OPTnote = 	""
}

@Article{Koivunen92a,
  author = 	"Koivunen, T. ",
  title = 	"A noise-insensitive Motion detector",
  journal = 	"IEEE Transactions on consumer electronics",
  year = 	"1992",
  volume = 	"38",
  number = 	"3",
  pages = 	"168-174",
  OPTmonth = 	"",
  OPTnote = 	""
}

@Article{Kooi,
  author = 	"Kooi, F. L. ",
  title = 	"Local Direction of edge motion causes and Abolishes
		 the baberpole illusion", 
  journal = 	"Vision Res.",
  year = 	"????",
  volume = 	"33",
  number = 	"16",
  pages = 	"2347-2351",
  OPTmonth = 	"",
  OPTnote = 	""
}

@Article{Kouzani95a,
  author = 	 {Kouzani, A. Z. and Bouzerdoum, A. and Liebelt, M.},
  title = 	 {Fuzzy motion estimation},
  journal = 	 {Australian Journal of Intelligent Information
                  Processing Systems},
  year = 	 1995,
  volume =	 2,
  number =	 3,
  pages =	 {46-55}
}

@InProceedings{Kramer95a,
  author = 	 {Kramer, J. and Saroeshkar, R. and Koch, C.},
  title = 	 "An Analog {VLSI} velocity sensor",
  booktitle = 	 {IEEE Int. Symp. Circuits and Systems},
  volume =	 1,
  year =	 1995,
  pages =	 {413-416}
}

@Article{Laughlin,
  author = 	"Laughlin, S.",
  title = 	"Matching Coding to Scenes to Enhance Efficiency",
  journal = 	"Unknown",
  year = 	"????",
  OPTvolume = 	"",
  OPTnumber = 	"",
  pages = 	"42-52",
  OPTmonth = 	"",
  OPTnote = 	""
}

@Article{Laughlin87a,
  author = 	"Laughlin, S.",
  title = 	"Form and function in retinal processing",
  journal = 	"TINS",
  year = 	"1987",
  volume = 	"10",
  number = 	"11",
  pages = 	"478-483",
  OPTmonth = 	"",
  OPTnote = 	""
}

@InBook{Laughlin84,
  author = 	 {Laughlin, S.},
  OPTeditor = 	 {M. A. Ali},
  title = 	 {Photoreception and Vision in Invertebrates},
  chapter = 	 {The Role of Parallel Channels in Early Visual Processing by the Arthropod Compound Eye.},
  publisher = 	 {London New York: Plenum Press},
  year = 	 {1984},
  OPTkey = 	 {},
  OPTvolume = 	 {},
  OPTnumber = 	 {},
  OPTseries = 	 {},
  OPTtype = 	 {},
  OPTaddress = 	 {},
  OPTedition = 	 {},
  OPTmonth = 	 {},
  pages = 	 {457-481},
  OPTnote = 	 {},
  OPTannote = 	 {}
}

@Article{Laughlin89a,
  author = 	"Laughlin, S.",
  title = 	"The Role of Sensory Adaption in the Retina",
  journal = 	"J. exp. Biol.",
  year = 	"1989",
  volume = 	"146",
  OPTnumber = 	"",
  pages = 	"39-62",
  OPTmonth = 	"",
  OPTnote = 	""
}



@InBook{Laughlin89b,
  author = 	 {Laughlin, S.},
  OPTeditor = 	 {D. G. Stavenga \& R. C. Hardie},
  title = 	 {Facets of Vision},
  chapter = 	 {Coding Efficiency and Design in Visual Processing.},
  publisher = 	 {Berlin Heidelberg New York: Springer-Verlag},
  year = 	 {1989},
  OPTkey = 	 {},
  OPTvolume = 	 {},
  OPTnumber = 	 {},
  OPTseries = 	 {},
  OPTtype = 	 {},
  OPTaddress = 	 {},
  OPTedition = 	 {},
  OPTmonth = 	 {},
  pages = 	 {213-234},
  OPTnote = 	 {},
  OPTannote = 	 {}
}

@Article{Laughlin94a,
  author = 	"Laughlin, S.",
  title = 	"Matching coding, circuits, cells, and molecules to signals: General principles of retinal design in the fly's eye",
  journal = 	"Progress in Retinal Eye research",
  year = 	"1994",
  volume = 	"13",
  OPTnumber = 	"1",
  pages = 	"165-196",
  OPTmonth = 	"",
  OPTnote = 	""
}


@Article{Lee93a,
  author = 	"Lee, J. and Sheu, B. J. and Fang, W. and Chellappa, R.",
  title = 	"{VLSI} Neuroprocessors for Video Motion Detection",
  journal = 	"IEEE Transactions on neural networks",
  year = 	"1993",
  volume = 	"4",
  number = 	"2",
  pages = 	"178-189",
  OPTmonth = 	"March",
  OPTnote = 	""
}

@Article{Lehrer90a,
  author = 	"Lehrer, M. and Srinivasan, M. V. and Zhang, S. W.",
  title = 	"Visual edge detection in the honey bee and its
		 chromatic properties", 
  journal = 	"Proc. R. Soc. Lond. B",
  year = 	"1990",
  volume = 	"238",
  OPTnumber = 	"",
  pages = 	"321-330",
  OPTmonth = 	"",
  OPTnote = 	""
}

@Article{Liaw92a,
  author = 	"Liaw, J. and Arbib, M. A.",
  title = 	"A Biologically Inspired Neural Network Model for {3-D}
		 Motion Detection", 
  journal = 	"Phil. Trans. R. Soc. Lond. B.",
  year = 	"1992",
  volume = 	"337",
  OPTnumber = 	"",
  pages = 	"429-443",
  OPTmonth = 	"",
  OPTnote = 	""
}

@Article{Maddess91a,
  author = 	 {Maddess, T. and Dubois, R.A. and Ibbotson, M.R.},
  title = 	 {Response properties and adaption of neurones
                  sensitive to image motion in the butterfly papilo aegeus},
  journal = 	 {J. exp. Biology},
  year = 	 {1991},
  OPTkey = 	 {},
  OPTvolume = 	 {161},
  OPTnumber = 	 {},
  OPTmonth = 	 {},
  OPTpages = 	 {171-199},
  OPTnote = 	 {},
  OPTannote = 	 {}
}

@Article{Mahowald91a,
  author = 	"Mahowald, M.",
  title = 	"A Silicon retina with adaptive photoreceptors",
  journal = 	"SPIE Visual Information Processing: From Neurons to Chips",
  year = 	"1991",
  volume = 	"1473",
  OPTnumber = 	"",
  pages = 	"52-58",
  OPTmonth = 	"",
  OPTnote = 	""
}

@Article{Mallot90a,
  author = 	"Mallot, H. A. and von Seelen, W. and Giannakopoulos, F.",
  title = 	"Neural Mapping and Space-Variant Image Processing",
  journal = 	"Neural Networks",
  year = 	"1990",
  volume = 	"3",
  OPTnumber = 	"",
  pages = 	"245-263",
  OPTmonth = 	"",
  OPTnote = 	""
}

@Book{Marr82a,
  author = 	"Marr, D.",
  title = 	"Vision",
  publisher = 	"W.H. Freeman and Company",
  year = 	"1982",
  OPTeditor = 	"",
  OPTvolume = 	"",
  OPTseries = 	"",
  OPTaddress = 	"",
  OPTedition = 	"",
  OPTmonth = 	"",
  OPTnote = 	""
}

@Article{Mayhew92a,
  author = 	"Mayhew, J. E. W. and Zheng, Y. and Cornell, S.",
  title = 	"The adaptive control of a four-degrees-of-freedom
		 stereo camera head ",    
  journal = 	"Phil. Trans. R. Soc Lond. B",
  year = 	"1992",
  volume = 	"337",
  OPTnumber = 	"",
  pages = 	"315-326",
  OPTmonth = 	"",
  OPTnote = 	""
}

@InProceedings{Meitzler93a,
  author = 	 "Meitzler, R.C. and Andreou, A.G. and Strohbehn,
                  K. and Jenkins, R.E.",
  title = 	 "A sampled-data motion chip",
  booktitle = 	 "Proc. Midwest Symposium on Circuits and Systems",
  volume =	 1,
  year =	 1993,
  pages =	 {288-291}
}


@Article{Meinertzhagen91a,
  author = 	 {Meinertzhagen, L. A. and O'Neil, S. D.},
  title = 	 {Synaptic Organization of columnar elements in the lamina of the wild type in {\em Drosophila melanogaster}.},
  journal = 	 {J. Comp.\ Neurol.},
  year = 	 {1991},
  OPTkey = 	 {},
  volume = 	 {305},
  OPTnumber = 	 {},
  pages = 	 {232-236},
  OPTmonth = 	 {},
  OPTnote = 	 {},
  OPTannote = 	 {}
}

@Article{Micheli93a,
  author = 	"{De Micheli}, E. and Torre, V. and Uras, S.",
  title = 	"The Accuracy of the Computation of Optical Flow and
		 of the Recovery of Motion Parameters", 
  journal = 	"IEEE Transactions on pattern analysis and machine
		 intelligence", 
  year = 	"1993",
  volume = 	"15",
  number = 	"5",
  pages = 	"434-445",
  OPTmonth = 	"May",
  OPTnote = 	""
}

@InProceedings{Moini93a,
  author = 	"Moini, A. and Bouzerdoum, A. and Yakovleff, A. and Abbot, D. and Kim
		 O. and Eshragian, K. and Bogner, R. E.", 
  title = 	"An Analog implementation of Early Visual Processing
		 in Insects", 
  booktitle = 	"International Symposium on VLSI technology,",
  year = 	"1993",
  OPTeditor = 	"",
  pages = 	"283-287",
  OPTorganization = 	"",
  OPTpublisher = 	"",
  OPTaddress = 	"",
  OPTmonth = 	"",
  OPTnote = 	""
}

@Book{Moini96a,
  author = 	 {Moini, A.},
  title = 	 {Vision Chips, or Seeing Silicon},
  publisher = 	 {\newline http://www.eleceng.adelaide.edu.au \newline
/Groups/GAAS/Bugeye/visionchips/index.html},
  year = 	 1997
}

@InProceedings{Moini97a,
   author    = "Moini, A. and Bouzerdoum, B. and Eshraghian, K.",
   title     = "A Current Mode Implementation of Shunting Inhibition",
   booktitle   = "ISCAS'97, June 9-12, Hong Kong",
   OPTpages     = "XXX--XXX",
   year      = "1997"
}

@Article{Murray87a,
  author = 	 {Murray, D.W. and Buxton, B.F.},
  title = 	 {Scene segmentation from visual motion using global
                  optimization},
  journal = 	 {IEEE Transactions on Pattern Analysis and Machine
                  Intelligence},
  year = 	 1987,
  volume =	 9,
  number =	 2,
  month =	 {March},
  pages =	 {220-228}
}

@Book{NRIC,
  author = 	 {Press, W. and Flannery, B. and Teukolsky, S. and
                  Vetterling, W.},
  title = 	 "Numerical Recipies in {C}. {The} art of scientific computing.",
  publisher = 	 {Cambridge University Press},
  year = 	 {1988},
  OPTkey = 	 {},
  OPTeditor = 	 {},
  OPTvolume = 	 {},
  OPTnumber = 	 {},
  OPTseries = 	 {},
  OPTaddress = 	 {},
  OPTedition = 	 {},
  OPTmonth = 	 {},
  OPTnote = 	 {},
  OPTannote = 	 {}
}

@InProceedings{Nabet93a,
  author = 	"Nabet, B. and Shreesha, V.",
  title = 	"Modelling and Electronic Implementation of
		 Directional Selectivity", 
  booktitle = 	"Proc IEEE SMC Conference",
  year = 	"1993",
  OPTeditor = 	"",
  OPTpages = 	"",
  OPTorganization = 	"",
  OPTpublisher = 	"",
  OPTaddress = 	"",
  OPTmonth = 	"October",
  OPTnote = 	""
}

@Article{Nagel85a,
  author = 	"Nagel, H. H. and Enkelmann, W.",
  title = 	"An Investigation of Smoothness Constraints for the
		 Estimation of Displacement Vector Fields from Image
		 Sequences",
  journal = 	"IEEE Trans. on Pattern Analysis and Machine Intelligence",
  year = 	"1985",
  volume = 	"8",
  OPTnumber = 	"",
  pages = 	" 565-593",
  OPTmonth = 	"",
  OPTnote = 	""
}
 

@InProceedings{Nagel86a,
  author = 	"Nagel, H. H.",
  title = 	"Image Sequences - Ten (octal) years - From
		 Phenomenology towards a theoretical foundation", 
  booktitle = 	"Proc 8th Int Conf Pat Recog - Paris",
  year = 	"1986",
  OPTeditor = 	"",
  pages = 	"1174-1185",
  OPTorganization = 	"",
  OPTpublisher = 	"",
  OPTaddress = 	"",
  OPTmonth = 	"",
  OPTnote = 	""
}

@Article{Nagel87a,
  author = 	"Nagel, H. H.",
  title = 	"On the Estimation of Optical Flow: Relations between
		 Different Approaches and some new results",
  journal = 	"Artificial Intelligence",
  year = 	"1987",
  volume = 	"33",
  OPTnumber = 	"",
  pages = 	"299-324 ",
  OPTmonth = 	"",
  OPTnote = 	""
}

@Article{Nakayama85a,
  author = 	"Nakayama, K.",
  title = 	"Biological Image processing: a Review",
  journal = 	"Vision Res.",
  year = 	"1985",
  volume = 	"25",
  number = 	"5",
  pages = 	"625-660",
  OPTmonth = 	"",
  OPTnote = 	""
}

@Article{Nakayama88a,
  author = 	"Nakayama, K. and Silverman, G. H.",
  title = 	"The aperture problem 2. Spatial integration of
		 velocity information along contours",
  journal = 	"Vision Research",
  year = 	"1988",
  volume = 	"28",
  number = 	"6",
  pages = 	"747-753",
  OPTmonth = 	"",
  OPTnote = 	""
}

@Article{Nakayama94,
  author = 	 "Nakayama, K.",
  title = 	 "James {J.} Gibson - An Appreciation",
  OPTcrossref =  "",
  OPTkey = 	 "",
  journal =	 "Psychological Review",
  year =	 "1994",
  volume =	 "101",
  number =	 "2",
  pages =	 "329-335",
  OPTmonth = 	 "",
  OPTnote = 	 "",
  OPTannote = 	 ""
}

@Article{Nelson88a,
  author = 	"Nelson, R. C. and Aloimonos, Y.",
  title = 	"{Finding motion parameters from Spherical Motion
		 Fields (Or the Advantages of Having eyes in the Back
		 of Your Head}",
  journal = 	"Biol. Cybern.",
  year = 	"1988",
  volume = 	"55",
  OPTnumber = 	"",
  pages = 	"261-273",
  OPTmonth = 	"",
  OPTnote = 	""
}

@Article{Nelson89a,
  author = 	"Nelson, R. C. and Aloimonos, Y.",
  title = 	"Obstacle Avoidance Using Flow Field Divergence",
  journal = 	"IEEE transactions on Pattern Analysis and Machine
		 Intelligence.", 
  year = 	"1989",
  volume = 	"11",
  number = 	"10",
  pages = 	"1102-1106",
  OPTmonth = 	"",
  OPTnote = 	""
}



@Inproceedings{Nguyen94a,
  author = 	"Nguyen, X. T. and Yakovleff, A. and Bouzerdoum, A.
                 and Moini, A. and Bogner, R.E. and Eshragian, K.",
  title = 	"{VLSI} Robotic Micro-sensor: Range Finder from self motion",
  note = 	"Submission to: Int. Conf. on Machine Vision in Practice",
  year =	 1994,
  month =	 "Sept"
}

@PhdThesis{Nguyen96a,
  author = 	 {Nguyen, X.T.},
  title = 	 "Smart {VLSI} Micro-Sensors for Velocity Estimation
                  inspired by Insect Vision",
  school = 	 {The University of Adelaide},
  year = 	 1996
}

@InProceedings{Nguyen96b,
  author = 	 {Nguyen, X. T. and Bouzerdoum, A. and Bogner, R. E.},
  title = 	 {Backward tracking of motion trajectories for
                  velocity estimation},
  booktitle = 	 {1996 Australian and New Zealand Conference on
                  Intelligent Information Systems (ANZIIS-96) },
  year =	 1996,
  month =	 {November},
  pages =	 {338-341}
}

@InProceedings{Nguyen96c,
  author = 	 {Nguyen, X. T. and Bouzerdoum, A. and Moini, A.},
  title = 	 {Velocity measurement using a smart micro-sensor},
  booktitle = 	 {Multiconference in Computational Engineering in Systems
                  Applications (CEASA'96): Symposium on Robotics},
  year =	 1996,
  pages =	 {937--942}
}

@Article{Ogmen90a,
  author = 	 "{\"{O}\u{g}men}, H. and {Gagn\'{e}}, S.",
  title = 	 "Neural models for sustained and on-off units of insect lamina",
  OPTcrossref =  "",
  OPTkey = 	 "",
  journal =	 "Biological Cybernetics",
  year =	 "1990",
  volume =	 "63",
  OPTnumber = 	 "",
  pages =	 "51-60",
  OPTmonth = 	 "",
  OPTnote = 	 "",
  OPTannote = 	 ""
}

@Article{Ogmen90b,
  author = 	 "{\"{O}\u{g}men}, H. and {Gagn\'{e}}, S.",
  title = 	 "Neural Network architectures for motion perception
		  and elementary motion detection in the fly visual system",
  OPTcrossref =  "",
  OPTkey = 	 "",
  journal =	 "Neural Networks",
  year =	 "1990",
  volume =	 "3",
  OPTnumber = 	 "",
  pages =	 "487-505",
  OPTmonth = 	 "",
  OPTnote = 	 "",
  OPTannote = 	 ""
}

@Article{Ogmen91a,
  author = 	 "{\"{O}\u{g}men}, H.",
  title = 	 "On the mechanisms underlying directional selectivity",
  journal =	 "Neural Computation",
  year =	 "1991",
  volume =	 "3",
  pages =	 "333-349",
}


@Article{Ogmen93a,
  author = 	 "{\"{O}\u{g}men}, H. and Moussa, M.",
  title = 	 "A neural model for nonassociative learning in a
		  prototypical sensory-motor scheme: the landing
		  reaction in flies",
  OPTcrossref =  "",
  OPTkey = 	 "",
  journal =	 "Biological Cybernetics",
  year =	 "1993",
  volume =	 "68",
  OPTnumber = 	 "",
  pages =	 "351-361",
  OPTmonth = 	 "",
  OPTnote = 	 "",
  OPTannote = 	 ""
}


@Article{Ogmen93b,
  author = 	 "{\"{O}\u{g}men}, H.",
  title = 	 "A neural theory of retino-cortical dynamics",
  OPTcrossref =  "",
  OPTkey = 	 "",
  journal =	 "Neural Networks",
  year =	 "1993",
  volume =	 "6",
  OPTnumber = 	 "",
  pages =	 "245-273",
  OPTmonth = 	 "",
  OPTnote = 	 "",
  OPTannote = 	 ""
}

@Article{Osorio92a,
  author = 	"Osorio, D. and Sobey, P. J.",
  title = 	"Insect vision as model for machine vision",
  journal = 	"SPIE Vol 1826 Intelligent Robots and Computer Vision XI",
  year = 	"1992",
  OPTvolume = 	"",
  OPTnumber = 	"",
  OPTpages = 	"",
  OPTmonth = 	"",
  OPTnote = 	""
}

@Article{Oyster93a,
  author = 	"Oyster, C. W. and Amthor, F. R. and Takahashi, E. S.",
  title = 	"Dendritic Architecture of ON-OFF Directio-Selective
		 Ganglion Cells in the Rabbit Retina", 
  journal = 	"Vision Res",
  year = 	"1993",
  volume = 	"33",
  number = 	"5/6",
  pages = 	"579-608",
  OPTmonth = 	"",
  OPTnote = 	""
}


@Article{Papanikolopoulos93a,
  author = 	"Papanikolopoulos, N. P. and Khosla, P. K.",
  title = 	"Adaptive Robotic Visual Tracking: Theory and Experiments",
  journal = 	"IEEE Transactions on automatic control",
  year = 	"1993",
  volume = 	"38",
  number = 	"3",
  pages = 	"429-445",
  OPTmonth = 	"March",
  OPTnote = 	""
}

@Article{Papanikolopoulos93b,
  author = 	"Papanikolopoulos, N. P. and Khosla, P. K. and Kanade, T.",
  title = 	"Visual Tracking of a Moving Target by a Camera
		 Mounted on a Robot: A combination of Control and Vision", 
  journal = 	"IEEE Transactions on robotics and automation",
  year = 	"1993",
  volume = 	"9",
  number = 	"1",
  pages = 	"14-35",
  OPTmonth = 	"February",
  OPTnote = 	""
}

@Article{Parent89a,
  author = 	 {Parent, P. and Zucker S. W.},
  title = 	 {Radial Projection: an efficient update rule for
                  relaxation labelling},
  journal = 	 {Pattern Analysis and Machine Intelligence},
  year = 	 1989,
  volume =	 11,
  number =	 8,
  pages =	 {886-889}
}

@InBook{Pinter,
  author = 	"Pinter, R. B. and Nabet, B.",
  title = 	"{Nonlinear vision: Determination of Neural Receptive
		 Fields, Functions and Networks}",
  chapter = 	"16",
  publisher = 	"{CRC Press}",
  year = 	"????",
  OPTeditor = 	"",
  pages = 	"423-450",
  OPTvolume = 	"",
  OPTseries = 	"",
  OPTaddress = 	"",
  OPTedition = 	"",
  OPTmonth = 	"",
  OPTnote = 	""
}


@Article{Pinter83a,
  author = 	 {Pinter, R.B.},
  title = 	 {The electrophysiological basis for linear and for
                  nonlinear product term lateral inhibition and the
                  consequences for wide field textured stimuli},
  journal = 	 {Journal of Theoretical Biology},
  year = 	 1983,
  volume =	 105,
  pages =	 {233-243}
}

@Article{Pinter90a,
  author = 	 {Pinter, R.B. and Osorio, D. and Srinivasan, M.V.},
  title = 	 "Shift of edge-taxis to scototaxis depends on mean
                  luminance and is predicted by a matched filter
                  theory on the responses of fly lamina {LMC} cells",
  journal = 	 {Visual Neuroscience},
  year = 	 1990,
  volume =	 4,
  pages =	 {579-584}
}

@Article{Poggio85a,
  author = 	"Poggio, T. and Torre, V. and Koch, C.",
  title = 	"Computational Vision and regularization theory",
  journal = 	"Nature",
  year = 	"1985",
  volume = 	"317",
  number = 	"26",
  pages = 	"314-319",
  OPTmonth = 	"September",
  OPTnote = 	""
}

@Article{Prazdny80a,
  author = 	"Prazdny, K.",
  title = 	"Egomotion and Relative Depth Map from Optical Flow",
  journal = 	"Biol. Cybernetics",
  year = 	"1980",
  volume = 	"36",
  OPTnumber = 	"",
  pages = 	"87-102",
  OPTmonth = 	"",
  OPTnote = 	""
}
@Article{Reichardt61a,
  author = 	"Reichardt, W. E.",
  title = 	"Autocorrelation, a principle for the evaluation of
		 sensory information by the nervous system", 
  journal = 	"Sensory Communication",
  year = 	"1961",
  OPTvolume = 	"",
  OPTnumber = 	"",
  pages =	 "303-317",
  OPTmonth = 	"",
  OPTnote = 	""
}


@Article{Reichardt76a,
  author = 	"Reichardt, W. E. and Poggio, T.",
  title = 	"Visual Control of Orientation behaviour in the Fly", 
  journal = 	"Quarterly Reviews of Biophysics",
  year = 	"1976",
  volume =	 "9",
  number =	 "3",
  pages =	 "311-375",
  OPTmonth = 	"",
  OPTnote = 	""
}

@Article{Reichardt79a,
  author = 	"Reichardt, W. E. and Poggio, T.",
  title = 	"{Figure-Ground Discrimination by relative movement in
		 the visual system of the fly. Part 1: Experimental Results}", 
  journal = 	"Biol Cybern",
  year = 	"1979",
  volume = 	"35",
  OPTnumber = 	"",
  pages = 	"81-100",
  OPTmonth = 	"",
  OPTnote = 	""
}

@InBook{Reichardt79b,
  author = 	 "Reichardt, W. E.",
  title = 	 "Functional characteristics of neural interaction
		  through an analysis of behaviour.",
  chapter = 	 "6",
  OPTcrossref =  "",
  OPTkey = 	 "",
  publisher =	 "Cambridge, MA: MIT Press",
  year =	 "1979",
  editor =	 "Schmitt, F.O. and Worden, F.W.",
  pages =	 "81-103",
  OPTvolume = 	 "",
  OPTnumber = 	 "",
  OPTseries = 	 "",
  OPTaddress = 	 "",
  OPTedition = 	 "",
  OPTmonth = 	 "",
  OPTtype = 	 "",
  OPTnote = 	 "",
  OPTannote = 	 ""
}

@Article{Reichardt83a,
  author = 	"Reichardt, W. E. and Poggio, T. and Hausen, K.",
  title = 	"Figure-Ground Discrimination by relative movement in
		 the visual system of the fly", 
  journal = 	"Biol Cybern",
  year = 	"1983",
  volume = 	"46 (Suppl)",
  OPTnumber = 	"",
  pages = 	"1-30",
  OPTmonth = 	"",
  OPTnote = 	""
}

@Article{Reichardt86a,
  author = 	"Reichardt, W. E. and Guo, A.",
  title = 	"Elementary Pattern Discrimination: Behavioural
		 Experiments with the fly Musca Domestica",
  journal = 	"Biol Cybern",
  year = 	"1986",
  volume = 	"53",
  OPTnumber = 	"",
  pages = 	"285-306",
  OPTmonth = 	"",
  OPTnote = 	""
}

@Article{Reichardt87a,
  author = 	"Reichardt, W. E.",
  title = 	"Evaluation of Optical Motion Information by Movement
		 Detectors", 
  journal = 	"J. Comp. Physiol",
  year = 	"1987",
  volume = 	"A",
  number = 	"161",
  pages = 	"533-547",
  OPTmonth = 	"",
  OPTnote = 	""
}

@Article{Reichardt88a,
  author = 	"Reichardt, W. E. and Egelhaaf, M.",
  title = 	"Properties of Individual Movement detectors as
		 derived from Behavioural Experiments on the visual
		 system of the fly", 
  journal = 	"Biol Cybern",
  year = 	"1988",
  volume = 	"58",
  OPTnumber = 	"",
  pages = 	"287-294",
  OPTmonth = 	"",
  OPTnote = 	""
}

@Article{Reichardt88b,
  author = 	"Reichardt, W. E. and Schlogl, R. W. and Egelhaaf, M.",
  title = 	"Movement Detectors provide sufficient information for
		 the local computation of {2-D} Velocity Field", 
  journal = 	"Naturwissenschaften",
  year = 	"1988",
  volume = 	"75",
  OPTnumber = 	"",
  pages = 	"313-315",
  OPTmonth = 	"",
  OPTnote = 	""
}

@Article{Reichardt88c,
  author = 	"Reichardt, W. E. and Schlogl, R. W. A",
  title = 	"Two Dimensional Field Theory for Motion Computation:
		 First order Approximation; Translatory motion of
		 rigid patterns",  
  journal = 	"Biol Cybern",
  year = 	"1988",
  volume = 	"60",
  OPTnumber = 	"",
  pages = 	"23-35",
  OPTmonth = 	"",
  OPTnote = 	""
}

@Article{Renshaw90a,
  author = 	"Renshaw, D. and Denyer, P. B. and Wang, G. and Lu, M.",
  title = 	"ASIC Image Sensors",
  journal = 	"Unknown - from IEEE CD collection",
  year = 	"1990",
  OPTvolume = 	"",
  OPTnumber = 	"",
  pages = 	"3038-3041",
  OPTmonth = 	"",
  OPTnote = 	""
}

@Article{Renshaw90b,
  author = 	"Renshaw, D. and Denyer, P. B. and Wang, G. and Lu, M.",
  title = 	"ASIC Vision",
  journal = 	"IEEE custom integrated circuit conference",
  year = 	"1990",
  OPTvolume = 	"",
  OPTnumber = 	"",
  pages = 	"7.3.1-7.3.4",
  OPTmonth = 	"",
  OPTnote = 	""
}

@Article{Rosenfeld93a,
  author = 	"Rosenfeld, A.",
  title = 	"SURVEY: Image analysis and Computer Vision: 1992",
  journal = 	"CVGIP: Image Understanding",
  year = 	"1993",
  volume = 	"58",
  number = 	"1",
  pages = 	"85-135",
  OPTmonth = 	"",
  OPTnote = 	""
}

@Article{Roska93a,
  author = 	"Roska, T. and Hamori, J. and Labos, E. and Lotz, K.
                 and Orzo, L. and Venetianer, P. L. and Vidnyanszky, Z.
                 and Zarandy, A.", 
  title = 	"The use of CNN models in the Subcortical Visual Pathway",
  journal = 	"IEEE Transactions on circuits and systems-1:
		 Fundamental Theory and Applications", 
  year = 	"1993",
  volume = 	"3",
  OPTnumber = 	"",
  pages = 	"181-193",
  OPTmonth = 	"March",
  OPTnote = 	""
}

@InProceedings{Sarikaya94,
  author = 	 "Sarikaya, M. and {\"{O}\u{g}men}, H.",
  title = 	 "Nonlinear adaptive properties of visual information
		  processing in the fly nervous system",
  OPTcrossref =  "",
  OPTkey = 	 "",
  OPTeditor = 	 "",
  OPTvolume = 	 "1",
  OPTnumber = 	 "",
  OPTseries = 	 "",
  pages =	 "296-301",
  booktitle =	 "1994 {IEEE Conference on Systems, Man, and Cybernetics}",
  year =	 "1994",
  OPTorganization = "",
  OPTpublisher = "",
  OPTaddress = 	 "",
  OPTmonth = 	 "",
  OPTnote = 	 "",
  OPTannote = 	 ""
}


@Article{Schmid88a,
  author = 	"Schmid, A. and Bulthoff, H.",
  title = 	"Using neuropharmacology to distinguish between
		 excitatory and inhibitory movement detection
		 mechanisms in the fly {\em Calliphora erythrocephala}",
  journal = 	"Biol. Cybern.",
  year = 	"1988",
  volume = 	"59",
  OPTnumber = 	"",
  pages = 	"71-80",
  OPTmonth = 	"",
  OPTnote = 	""
}

@Article{Schnorr93a,
  author = 	"Schnorr, C.",
  title = 	"On functionals with greyvalue-controlled smoothness
		 terms for determining optical flow",
  journal = 	"{IEEE Transactions on Pattern Analysis and Machine
		 Intelligence}", 
  year = 	"1993",
  volume = 	"15",
  number = 	"10",
  pages = 	"1074-1079",
  OPTmonth = 	"",
  OPTnote = 	""
}


@Article{Schuling89a,
  author = 	"Schuling, F. H. and Mastebroek, H. A. K. and Bult, R. and Lenting
		 B. P. M.", 
  title = 	"Properties of elementary movement detectors in the
		 fly Calliphora erythrocephala", 
  journal = 	"J Comp Physiol",
  year = 	"1989",
  volume = 	"A",
  number = 	"165",
  pages = 	"179-192",
  OPTmonth = 	"",
  OPTnote = 	""
}

@InProceedings{Schunck84a,
  author = 	"Schunck, B. G.",
  title = 	"The Motion Constraint Equation for Optical Flow",
  booktitle = 	"Proc 7th Int Conf Pat Recognition",
  year = 	"1984",
  OPTeditor = 	"",
  OPTpages = 	"",
  OPTorganization = 	"",
  OPTpublisher = 	"",
  OPTaddress = 	"",
  OPTmonth = 	"",
  OPTnote = 	""
}

@MastersThesis{Shaashua88a,
  author = 	 {Sha'ashua, A.},
  title = 	 {Structural saliency : the detection of globally
                  salient structures using a locally connected network},
  school = 	 {Weizmann Institute of Science},
  year = 	 1988
}

@Article{Shaw84a,
  author = 	"Shaw, S. R.",
  title = 	"Early visual processing in insects",
  journal = 	"J. exp. Biol.",
  year = 	1984,
  volume = 	112,
  pages = 	"225-251"
}


@InBook{Shaw89a,
  author = 	 {Shaw, S. R.},
  ALTeditor = 	 {D. G. Stavenga \& R. C. Hardie},
  title = 	 {Facets of Vision},
  chapter = 	 {The Retina-Lamina Pathway in Insects, Particularly Diptera, Viewed from an Evolutionary Perspective.},
  publisher = 	 {Berlin Heidelberg New York: Springer-Verlag},
  year = 	 1989,
  pages = 	 {186-212}
}


@InBook{Strausfeld89a,
  author =	 {Strausfeld, N. J.},
  ALTeditor =	 {D. G. Stavenga \& R. C. Hardie},
  title = 	 {Facets of Vision},
  chapter = 	 {Beneath the Compound Eye: Neuroanatomical Analysis and Physiological Correlates in the Study of Insect Vision.},
  publisher = 	 {Berlin Heidelberg New York: Springer-Verlag},
  year = 	 1989,
  pages =	 {317-359}
}

@Article{Shi93a,
  author = 	"Shi, B. E. and Roska, T. O. and Chua, L. O.",
  title = 	"Design of Linear Cellular Neural Networks for Motion
		 Sensitive Filtering", 
  journal = 	"IEEE Transactions on circuits and systems-2: Analog
		  and digital signal processing", 
  year = 	"1993",
  volume = 	"40",
  number = 	"5",
  pages = 	"320-331",
  OPTmonth = 	"May",
  OPTnote = 	""
}


@InProceedings{Shi94a,
  author = 	 {Shi, Jianbo and Tomasi, C},
  title = 	 {Good Features to Track},
  booktitle = 	 {IEEE Conference on Computer Vision and Pattern Recognition},
  OPTcrossref =  {},
  OPTkey = 	 {},
  pages = 	 {593-600},
  year = 	 {1994},
  OPTeditor = 	 {},
  OPTvolume = 	 {},
  OPTnumber = 	 {},
  OPTseries = 	 {},
  OPTaddress = 	 {},
  OPTmonth = 	 {},
  OPTorganization = {},
  OPTpublisher = {},
  OPTnote = 	 {},
  OPTannote = 	 {}
}

@Article{Skifstad89a,
  author = 	"Skifstad, K. and Jain, R.",
  title = 	"Range Estimation from Intensity Gradient Analysis",
  journal = 	"Unknown",
  year = 	"1989",
  OPTvolume = 	"",
  OPTnumber = 	"",
  pages = 	"43-48",
  OPTmonth = 	"",
  OPTnote = 	""
}


@PhdThesis{Smith92a,
  author = 	 {Smith, S.},
  title = 	 {Feature based image sequence understanding},
  school = 	 {Department of Engineering Science, University of Oxford},
  year = 	 1992
}

@Article{Smith95a,
  author = 	 {Smith, S.M. and Brady, J.M.},
  title = 	 "{ASSET-2}: Real-time motion segmentation and shape tracking",
  journal = 	 {IEEE transactions on pattern analysis and machine intelligence},
  year = 	 1995,
  volume =	 18,
  number =	 8,
  pages =	 {814-820}
}

@Article{Snippe94a,
  author = 	"Snippe, H. P. and Koenderink, J. J.",
  title = 	"Extraction of optical velocity by use of multi-input
		 {Reichardt} detectors", 
  journal = 	"J. Opt. Soc. Am",
  year = 	"1994",
  volume = 	"11",
  number = 	"4",
  pages = 	"1222-1236",
  OPTmonth = 	"April",
  OPTnote = 	""
}


@Article{Sobey90a,
  author = 	"Sobey, P. J. and Horridge, G. A.",
  title = 	"Implementation of the template model of vision",
  journal = 	"Proc. R. Soc. Lond. B",
  year = 	"1990",
  volume = 	"240",
  OPTnumber = 	"",
  pages = 	"211-229",
  OPTmonth = 	"",
  OPTnote = 	""
}

@Article{Sobey92a,
  author = 	"Sobey, P. J. and Sasaki, S. and Nagle, M. and Toriu, T. and Srinivasan, M. V.",
  title = 	"A Hardware System for Computing Image Velocity in Real-time",
  journal = 	"SPIE",
  year = 	"1992",
  volume = 	"1823",
  OPTnumber = 	"",
  OPTpages = 	"",
  OPTmonth = 	"",
  OPTnote = 	""
}

@Article{Srinivasan76a,
  author = 	 "Srinivasan, M. V.",
  title = 	 "A proposed mechanism for multiplication of neural signals",
  OPTcrossref =  "",
  OPTkey = 	 "",
  journal =	 "Biological Cybernetics",
  year =	 "1976",
  volume =	 "21",
  OPTnumber = 	 "",
  pages =	 "227-236",
  OPTmonth = 	 "",
  OPTnote = 	 "",
  OPTannote = 	 ""
}

@Article{Srinivasan77a,
  author = 	 {Srinivasan, M.V.},
  title = 	 {A visually evoked roll response in the housefly},
  journal = 	 {Journal of Comparative Physiology},
  year = 	 1977,
  volume =	 119,
  pages =	 {1-14}
}

@Article{Srinivasan82a,
  author = 	 "Srinivasan, M. V. and Laughlin, S. B. and Dubs, A.",
  title = 	 "Predictive coding: a fresh view of inhibition in the retina",
  journal =	 "Proc. R. Soc. Lond. B",
  year =	 1982,
  volume =	 216,
  pages =	 "427-459"
}

@Article{Srinivasan90a,
  author = 	"Srinivasan, M. V. and Pinter, R. B. and Osorio, D.",
  title = 	"Matched filtering in the visual system of the fly:
		 large monopolar cells of the lamina are optimized to
		 detect moving edges and blobs",  
  journal = 	"Proc. R. Soc. Lond. B",
  year = 	1990,
  volume = 	240,
  pages = 	"279-293"
}

@Article{Srinivasan90b,
  author = 	"Srinivasan, M. V.",
  title = 	"Generalized Gradient Schemes for the Measurement of
		 Two-Dimensional Image Motion", 
  journal = 	"Biol. Cybern.",
  year = 	1990,
  volume = 	63,
  pages = 	"421-431"
}

@Article{Srinivasan92a,
  author = 	"Srinivasan, M. V.",
  title = 	"How bees exploit optic flow: behavioural experiments
		 and neural models", 
  journal = 	"Phil. Trans. R. Soc. Lond. B",
  year = 	1992,
  volume = 	337,
  pages = 	"253-259"
}

@Article{Srinivasan94a,
  author = 	 "Srinivasan, M. V.",
  title = 	 "Generalised gradients versus image interpolation: A
		  critical evaluation of two schemes for measurement
		  of image motion",
  OPTcrossref =  "",
  OPTkey = 	 "",
  journal =	 "Australian Journal of intelligent information
		  processing systems",
  year =	 "1994",
  volume =	 "1",
  number =	 "1",
  pages =	 "41-50",
  OPTmonth = 	 "March",
  OPTnote = 	 "",
  OPTannote = 	 ""
}

@Article{Stoner93,
  author = 	 "Stoner, G. R. and Albright, T. D.",
  title = 	 "Image segmentation cues in motion processing -
		  implications for modularity in vision",
  OPTcrossref =  "",
  OPTkey = 	 "",
  journal =	 "Journal of Cognitive Neuroscience",
  year =	 "1993",
  volume =	 "5",
  number =	 "2",
  pages =	 "129-149",
  OPTmonth = 	 "",
  OPTnote = 	 "",
  OPTannote = 	 ""
}

@Article{Sullivan92a,
  author = 	"Sullivan, G. D.",
  title = 	"Visual interpretation of known objects in constrained scenes",
  journal = 	"Phil. Trans. R. Soc Lond. B ",
  year = 	"1992",
  volume = 	"337",
  OPTnumber = 	"",
  pages = 	"361-370",
  OPTmonth = 	"",
  OPTnote = 	""
}

@InProceedings{Thompson84a,
  author = 	"Thompson, W. B. and Mutch, K. M. and Berzins, V. A.",
  title = 	"Analyzing object motion based on optical flow",
  booktitle = 	"Proc 7th Int Conf Pat Recognition",
  year = 	"1984",
  OPTeditor = 	"",
  OPTpages = 	"",
  OPTorganization = 	"",
  OPTpublisher = 	"",
  OPTaddress = 	"",
  OPTmonth = 	"",
  OPTnote = 	""
}


@Article{Thorson66a,
  author = 	"Thorson, J.",
  title = 	"Small-Signal Analysis of a visual reflex in the
		 Locust: Frequency dependence", 
  journal = 	"Kybernetik",
  year = 	"1966",
  volume = 	"3",
  OPTnumber = 	"",
  pages = 	"53-66",
  OPTmonth = 	"",
  OPTnote = 	""
}

@Article{Toh90a,
  author = 	"Toh, P. and Forrest, A. K.",
  title = 	"Occlusion Detection in Early Vision",
  journal = 	"Unknown - from IEEE CD collection, Uni SA",
  year = 	"1990",
  OPTvolume = 	"",
  OPTnumber = 	"",
  pages = 	"126-132",
  OPTmonth = 	"",
  OPTnote = 	""
}


@Article{Tresilian93,
  author = 	 "Tresilian, J. R.",
  title = 	 "",
  OPTcrossref =  "4 QUESTIONS OF TIME TO CONTACT - A CRITICAL
		  EXAMINATION OF RESEARCH ON INTERCEPTIVE TIMING",
  OPTkey = 	 "",
  journal =	 "PERCEPTION",
  year =	 "1993",
  volume =	 "22",
  number =	 "6",
  pages =	 "653-680",
  OPTmonth = 	 "",
  OPTnote = 	 "",
  OPTannote = 	 ""
}

@Article{Tresilian93a,
  author = 	 "Tresilian, J.R.",
  title = 	 "Four questions of time to contact: a critical
		  examination of research on interceptive timing",
  journal =	 "Perception",
  year =	 "1993",
  volume =	 "22",
  pages =	 "653-680"
}

@TechReport{Ullman88a,
  author = 	 {Ullman, S. and Sha'ashua, A.},
  title = 	 {Structural Saliency : The Detection of Globally
		  Salient Structures Using a Locally Connected Network},
  institution =  {MIT Artificial Intelligence Laboratory},
  year = 	 {1988},
  OPTkey = 	 {},
  OPTtype = 	 {},
  number =	 {1061},
  OPTaddress = 	 {},
  month =	 {July},
  OPTnote = 	 {},
  OPTannote = 	 {}
}

@Article{Ullman92a,
  author = 	"Ullman, S.",
  title = 	"Low-level aspects of segmentation and recognition",
  journal = 	"Phil. Trans. R. Soc. Lond. B",
  year = 	"1992",
  volume = 	"337",
  OPTnumber = 	"",
  pages = 	"371-379",
  OPTmonth = 	"",
  OPTnote = 	""
}

@Article{Uras88a,
  author = 	"Uras, S. and Girosi, F. and Verri, A. and Torre, V.",
  title = 	"A Computational Approach to Motion Perception",
  journal = 	"Biol. Cybern 60",
  year = 	"1988",
  volume = 	"60",
  OPTnumber = 	"",
  pages = 	"79-87",
  OPTmonth = 	"",
  OPTnote = 	""
}

@Article{Vellacott94a,
  author = 	"Vellacott, O.",
  title = 	"CMOS in a camera",
  journal = 	"IEE Review",
  year = 	"1994",
  OPTvolume = 	"",
  OPTnumber = 	"",
  pages = 	"111-114",
  OPTmonth = 	"May",
  OPTnote = 	""
}

@InProceedings{Verri87a,
  author = 	"Verri, A. and Poggio, T.",
  title = 	"Against Quantitive Optical Flow",
  booktitle = 	"Proc 1th Int Conf Comp Vis",
  year = 	"1987",
  OPTeditor = 	"",
  pages = 	"171-180",
  OPTorganization = 	"",
  OPTpublisher = 	"",
  OPTaddress = 	"",
  OPTmonth = 	"",
  OPTnote = 	""
}

@Article{Verri89a,
  author = 	"Verri, A. and Poggio, T.",
  title = 	"Motion Field and Optical Flow : Qualitative Properties", 
  journal = 	"PAMI",
  year = 	"1989",
  volume = 	"11",
  number = 	"5",
  pages = 	"490-498",
  OPTmonth = 	"",
  OPTnote = 	""
}

@Article{Verri92a,
  author = 	"Verri, A. and Straforini, M. and Torre, V.",
  title = 	"Computational aspects of motion perception in natural
		 and artificial vision systems", 
  journal = 	"Phil. Trans. R. Soc. Lond. B.",
  year = 	"1992",
  volume = 	" 337",
  OPTnumber = 	"",
  pages = 	"429-443",
  OPTmonth = 	"",
  OPTnote = 	""
}

@Article{Wang,
  author = 	"Wang, H. T. and Mathur, B. and Koch, C.",
  title = 	"Computing Optical Flow in the primate Visual System",
  journal = 	"Unknown",
  year = 	"????",
  OPTvolume = 	"",
  OPTnumber = 	"",
  pages = 	"92-101",
  OPTmonth = 	"",
  OPTnote = 	""
}

@Article{Wang91a,
  author = 	"Wang, G. and Renshaw, D. and Denyer, P. B. and Lu, M.",
  title = 	"CMOS video Cameras",
  journal = 	"Unknown - from IEEE CD collection, Uni SA",
  year = 	"1991",
  OPTvolume = 	"",
  OPTnumber = 	"",
  pages = 	"100-103",
  OPTmonth = 	"",
  OPTnote = 	""
}

@Article{Warren88a,
  author = 	 "Warren, W.H. and Morris, M.W. and Kalish, M.",
  title = 	 "Perception of Translational heading from optical flow",
  journal =	 "J. Exp. Psych.",
  year =	 "1988",
  volume =	 "14",
  number =	 "4",
  pages =	 "646-660"
}

@Article{Watson85a,
  author = 	"Watson, A. B. and Ahumada, A. J.",
  title = 	"Model of human visual-motion sensing",
  journal = 	"J. Opt Soc Am",
  year = 	"1985",
  volume = 	"2",
  number = 	"2",
  pages = 	"322-342",
  OPTmonth = 	"February",
  OPTnote = 	""
}

@Book{Wechsler90a,
  author = 	"Wechsler, H.",
  title = 	"Computational Vision",
  publisher = 	"Academic Press Inc.",
  year = 	"1990",
  OPTeditor = 	"",
  OPTvolume = 	"",
  OPTseries = 	"",
  OPTaddress = 	"",
  OPTedition = 	"",
  OPTmonth = 	"",
  OPTnote = 	""
}

@Article{Weng93a,
  author = 	 "Weng, J. and Ahuja, N. and Huang, T. S.",
  title = 	 "Optimal Motion and Structure Estimation",
  OPTcrossref =  "",
  OPTkey = 	 "",
  journal =	 "IEEE Transactions on pattern analysis and machine
		  intelligence",
  year =	 "1993",
  volume =	 "15",
  number =	 "9",
  pages =	 "864-884",
  month =	 "September",
  OPTnote = 	 "",
  OPTannote = 	 ""
}

@Article{Wilson89a,
  author = 	"Wilson, G. and Chan, P. K.",
  title = 	"Novel Voltage-Controlled grounded resistor",
  journal = 	"Electronics Letters",
  year = 	"1989",
  volume = 	"25",
  number = 	"25",
  pages = 	"1725-1726",
  OPTmonth = 	"December",
  OPTnote = 	""
}

@Article{Wolf92a,
  author = 	"Wolf, R. and Voss, A. and Hein, S. and Heisenberg, M.",
  title = 	"Can a fly ride a bicycle?",
  journal = 	"Phil. Trans. R. Soc. Lond. B",
  year = 	"1992",
  volume = 	"337",
  OPTnumber = 	"",
  pages = 	"261-269",
  OPTmonth = 	"",
  OPTnote = 	""
}

@InProceedings{Yakovleff94a,
  author = 	"Yakovleff, A. and Nguyen, X. T. and Bouzerdoum, A.
                 and Moini, A. and Bogner, R. E. and Eshragian, K.", 
  title = 	"Dual-Purpose Interpretation of Sensory Information",
  booktitle = 	"Proc. - 1994 IEEE Int. Conf. on Robotics Automation",
  year = 	"1994",
  OPTeditor = 	"",
  pages = 	"1635-1640",
  OPTorganization = 	"",
  OPTpublisher = 	"",
  OPTaddress = 	"",
  OPTmonth = 	"",
  OPTnote = 	""
}

@Article{Zaagman78a,
  author = 	"Zaagman, W. H. and Mastebroek, H. A. K. and Kuiper, J. W.",
  title = 	"On the Correlation Model: Performance of a Movement
		 Detecting neural element in the fly visual system", 
  journal = 	"Biol Cybern",
  year = 	"1978",
  OPTvolume = 	"31",
  OPTnumber = 	"",
  OPTpages = 	"163-168",
  OPTmonth = 	"",
  OPTnote = 	""
}
		  

@Article{Zhang92a,
  author = 	"Zhang, S. W. and Horridge, G. A.",
  title = 	"Pattern recognition in bees: size of regions in
		 spatial layout", 
  journal = 	"Phil. Trans. R. Soc. Lond. B",
  year = 	"1992",
  volume = 	"337",
  OPTnumber = 	"",
  pages = 	"65-71",
  OPTmonth = 	"",
  OPTnote = 	""
}

@Article{Zhang92b,
  author = 	"Zhang, S. W. and Srinivasan, M. V. and Horridge, G. A.",
  title = 	"Pattern recognition in honeybees : local and global analysis",
  journal = 	"Phil. Trans. R. Soc. Lond. B",
  year = 	"1992",
  volume = 	"248",
  OPTnumber = 	"",
  pages = 	"55-61",
  OPTmonth = 	"",
  OPTnote = 	""
}


@Article{Zihl83a,
  author = 	 "Zihl, J. and {von Cramon}, D. and Mai, N.",
  title = 	 {Selective disturbance of movement vision after
                  bilateral brain damage},
  journal = 	 {Brain},
  year = 	 1983,
  volume =	 106,
  pages =	 {313-340}
}


@Article{vanDoorn82a,
  author = 	 "{van Doorn}, A.J. and Koenderink, J.J.",
  title = 	 "Temporal Properties of the Visual Detectability of
		  Moving Spatial White Noise",
  journal =	 "Experimental Brain Research",
  year =	 "1982",
  volume =	 "45",
  pages =	 "179-188"
}

@Article{vanSanten84a,
  author = 	"{van Santen}, J. P. H. and Sperling, G.",
  title = 	"Temporal covariance model of human motion perception",
  journal = 	"J. Opt Soc Am",
  year = 	"1984",
  volume = 	"1",
  number = 	"5",
  pages = 	"451-473",
  OPTmonth = 	"May",
  OPTnote = 	""
}

@Article{vanSanten85a,
  author = 	"{van Santen}, J. P. H. and Sperling, G.",
  title = 	"Elaborated {Reichardt Detectors} ",
  journal = 	"J. Opt Soc Am",
  year = 	"1985",
  volume = 	"2",
  number = 	"2",
  pages = 	"300-321",
  OPTmonth = 	"February",
  OPTnote = 	""
}

@InProceedings{vanSteveninck94a,
  author = 	"{de Ruyter van Steveninck}, R.R and Bialek, W. and
		  Potters, M. and Carlson, R.H.", 
  title = 	"Statistical adaption and optimal estimation in
		  movement computation by the blowfly visual system",
  booktitle = 	"Proc. - 1994 IEEE Int. Conf. on Systems, Man and Cybernetics",
  year = 	"1994",
  OPTeditor = 	"",
  pages = 	"302-307",
  OPTorganization = 	"",
  OPTpublisher = 	"",
  OPTaddress = 	"",
  OPTmonth = 	"",
  OPTnote = 	""
}

@book{Serra82,
        title = {Image analysis and mathematical morphology},
        publisher = {Academic Press},
        year = {1982},
        author = {J. Serra}
}

@book{Wahba90,
        author = {G. Wahba},
        title = {Spline Models for Observational Data},
        publisher = {SIAM},
        address = {Philadelphia},
        year = {1990},
}

@article{Vincent91a,
        author = {L. Vincent and P. Soille},
        title = {Watersheds in digital spaces: an efficient algorithm based on immersion simulations},
        journal = pami,
        year = {1991},
        volume = {13},
        number = {6},
        pages = {583-598},
        month = Jun,
        keywords = {MM, ALGORITHMS, WATERSHEDS}
}

@article{adams94a,
        author = {R. Adams and L. Bischof},
        title = {Seeded region growing},
        year = {1994},
        volume = {16},
        journal = pami,
        pages = {641-647}
}

@article{Soille91a,
        author = {P. Soille},
        title = {Spatial distributions from contour lines: an efficient methodology based on distance transformations},
        journal = jvcir,
        year = {1991},
        volume = {2},
        number = {2},
        pages = {138-150},
        month = Jun,
        keywords = {DEM, MM, ALGORITHMS, DISTANCES},
}

@inproceedings{matheron1-serra88,
        author = {G. Matheron},
        title = {Example of topological properties of skeletons},
        booktitle = {Image Analysis and Mathematical Morphology},
        volume = {2, Theoretical Advances},
        editor = {J. Serra},
        publisher = {Academic Press, London},
        year = {1988},
        chapter = {11},
        pages = {217-238}
}

@article{MEYER-BEUCHER-90,
        author = {F. Meyer and S. Beucher},
        title = {Morphological segmentation},
        journal = jvcir,
        year = {1990},
        volume = {1},
        number = {1},
        pages = {21-46},
        month = Sep
}

@InProceedings{Breen94,
  author = 	 {E. Breen and D. Monro},
  title = 	 {An evaluation of priority queues for mathematical morphology},
  booktitle = 	 {Mathematical morphology and its applications to image processing},
  OPTcrossref =  {},
  OPTkey = 	 {},
  pages = 	 {249--256},
  year = 	 {1994},
  editor = 	 {J.~Serra and P.~Soille},
  OPTvolume = 	 {},
  OPTnumber = 	 {},
  OPTseries = 	 {},
  OPTaddress = 	 {},
  OPTmonth = 	 {},
  OPTorganization = {},
  publisher = {Kluwer},
  OPTnote = 	 {},
  OPTannote = 	 {}
}

@InProceedings{Beare99a,
  author = 	 {R. Beare and H. Talbot},
  title = 	 {Exact seeded region growing for image segmentation.},
  booktitle = 	 {Digital Image Computing: Techniques and Applications},
  OPTcrossref =  {},
  OPTkey = 	 {},
  pages = 	 {132-137},
  year = 	 {1999},
  OPTeditor = 	 {},
  OPTvolume = 	 {},
  OPTnumber = 	 {},
  OPTseries = 	 {},
  OPTaddress = 	 {},
  month = 	 {December},
  OPTorganization = {},
  OPTpublisher = {},
  OPTnote = 	 {},
  OPTannote = 	 {}
}


@Book{sethian99,
  author = 	 {J.A. Sethian},
  ALTeditor = 	 {},
  title = 	 {Level Set Methods and Fast Marching Methods},
  publisher = 	 {Cambridge University Press},
  year = 	 {1999},
  OPTkey = 	 {},
  OPTvolume = 	 {},
  OPTnumber = 	 {},
  OPTseries = 	 {},
  OPTaddress = 	 {},
  OPTedition = 	 {},
  OPTmonth = 	 {},
  OPTnote = 	 {},
  OPTannote = 	 {}
}

@Article{Haralick85a,
  author = 	 {R. M. Haralick and L. G. Shapiro},
  title = 	 {Image segmentation techniques},
  journal = 	 {cvgip},
  year = 	 {1985},
  volume = 	 {29},
  OPTnumber = 	 {},
  pages = 	 {100-132},
  OPTmonth = 	 {},
  OPTnote = 	 {},
  OPTannote = 	 {}
}

@InProceedings{Beare2001a,
  author = 	 {R.J. Beare},
  title = 	 {An ultrasound imaging system for control of an automated carcass splitting machine},
  booktitle = 	 {Proceedings of the 12th Scandinavian Conference on Image Analysis},
  pages = 	 {375-381},
  year = 	 2001
}

@InProceedings{Beare2002a,
  author = 	 {R. J. Beare},
  title = 	 {Regularized seeded region growing},
  booktitle = 	 {Mathematical Morphology, Proceedings of the VI$^{th}$ International Symposium -- ISMM 2002},
  pages = 	 {91-99},
  year = 	 2002,
  editor = 	 {H. Talbot and R. Beare}
}


@Article{Beare2004b,
  author = 	 {R. J. Beare},
  title = 	 {Locally constrained watershed transform},
  journal = 	 {In revision - PAMI},
  year = 	 {},
  OPTkey = 	 {},
  OPTvolume = 	 {},
  OPTnumber = 	 {},
  OPTpages = 	 {},
  OPTmonth = 	 {},
  OPTnote = 	 {},
  OPTannote = 	 {}
}


@TechReport{Beare2004a,
  author = 	 {Beare, R. J.},
  title = 	 {A Locally constrained watershed transform},
  institution =  {CSIRO Mathematical and Information Sciences},
  year = 	 {2004},
  OPTkey = 	 {},
  OPTtype = 	 {},
  number = 	 {04/187},
  OPTaddress = 	 {},
  OPTmonth = 	 {},
  OPTnote = 	 {},
  OPTannote = 	 {}
}

@PhdThesis{Meijster2004a,
  author = 	 {Meijster, A.},
  title = 	 {Efficient Sequential and Parallel Algorithms for Morphological Image Processing},
  school = 	 {Institute for Mathematics and Computing Science, University of Groningen},
  year = 	 {2004},
  OPTkey = 	 {},
  OPTtype = 	 {},
  OPTaddress = 	 {},
  OPTmonth = 	 {March},
  OPTnote = 	 {},
  OPTannote = 	 {}
}

@InProceedings{Meyer2002a,
  author = 	 {F. Meyer and C. Vachier},
  title = 	 {Image segmentation based on viscous flooding simulation},
  booktitle = 	 {Mathematical Morphology, Proceedings of the VI$^{th}$ International Symposium -- ISMM 2002},
  pages = 	 {69-77},
  year = 	 2002,
  editor = 	 {H. Talbot and R. Beare}
}

@InProceedings{Serra2002a,
  author = 	 {J. Serra},
  title = 	 {Viscous lattices},
  booktitle = 	 {Mathematical Morphology, Proceedings of the VI$^{th}$ International Symposium -- ISMM 2002},
  pages = 	 {79-89},
  year = 	 2002,
  editor = 	 {H. Talbot and R. Beare}
}

@Book{TalbotBeare2002a,
  editor = 	 {H. Talbot and R. Beare},
  title = 	 {Mathematical Morphology, Proceedings of the VI$^{th}$ International Symposium -- ISMM 2002},
  publisher = 	 {CSIRO Publishing},
  year = 	 2002
}

@Article{Roerdink2000a,
  author = 	 {J. B. T. M. Roerdink and A. Meijster},
  title = 	 {The watershed transform: definitions, algorithms, and parallelization strategies.},
  journal = 	 {Fundamenta Informaticae},
  year = 	 {2000},
  OPTkey = 	 {},
  volume = 	 {41},
  OPTnumber = 	 {},
  pages = 	 {187-228},
  publisher =    {Universal Press},
  month = 	 {March},
  note = 	 {ISBN 90-367-1977-1},
  OPTannote = 	 {}
}

@Article{Meyer1994a,
  author = 	 {F. Meyer},
  title = 	 {Topographic distance and watershed lines},
  journal = 	 {Signal Processing},
  year = 	 {1994},
  OPTkey = 	 {},
  volume = 	 {38},
  OPTnumber = 	 {},
  pages = 	 {113-125},
  OPTmonth = 	 {},
  OPTnote = 	 {},
  OPTannote = 	 {}
}

@TechReport{Nguyen2000a,
  author = 	 {H. Nguyen and M. Worring and R. van den Boomgaard},
  title = 	 {Watersnakes: energy-driven watershed segmentation},
  institution =  {Intelligent sensory information systems, University of Amsterdam},
  year = 	 {2000},
  OPTkey = 	 {},
  OPTtype = 	 {},
  number = 	 {12},
  OPTaddress = 	 {},
  OPTmonth = 	 {},
  OPTnote = 	 {},
  OPTannote = 	 {}
}

@Article{Nguyen2003a,
  author = 	 {H. Nguyen and M. Worring and R. van den Boomgaard},
  title = 	 {Watersnakes: energy-driven watershed segmentation},
  journal = 	 {PAMI},
  year = 	 {2003},
  OPTkey = 	 {},
  volume = 	 {25},
  number = 	 {3},
  pages = 	 {330-342},
  OPTmonth = 	 {},
  OPTnote = 	 {},
  OPTannote = 	 {}
}

@InBook{Beucher93a,
  author = 	 {S. Beucher and F. Meyer},
  ALTeditor = 	 {E. Dougherty},
  title = 	 {Mathematical Morphology in Image Processing},
  chapter = 	 {12: The Morphological Approach to Segmentation: The Watershed Transformation},
  publisher = 	 {Marcel Dekker Inc.},
  year = 	 {1993},
  OPTkey = 	 {},
  OPTvolume = 	 {},
  OPTnumber = 	 {},
  OPTseries = 	 {},
  OPTtype = 	 {},
  OPTaddress = 	 {},
  OPTedition = 	 {},
  OPTmonth = 	 {},
  pages = 	 {433-481},
  OPTnote = 	 {},
  OPTannote = 	 {}
}

@InProceedings{Beucher-Lantu-79,
  author =       {Beucher, S. and Lantu\'{e}joul, C.},
  title =        {Use of Watersheds in Contour Detection},
  booktitle =    {Int. Workshop on Image Processing},
  year =         {1979},
  OPTeditor =    {},
  OPTvolume =    {},
  OPTnumber =    {},
  OPTseries =    {},
  address =      {Rennes, France},
  month =        {Sept.},
  organization = {CCETT/IRISA},
  OPTnote =      {First international publication of the Watershed}
}

@Article{Flook79a,
  author = 	 {Flook, A.G.},
  title = 	 {The use of dilation logic on the Quantimet to achieve fractal dimension characterisation of textured and structured profiles.},
  journal = 	 {Powder Technology},
  year = 	 {1978},
  OPTkey = 	 {},
  volume = 	 {21},
  OPTnumber = 	 {},
  pages = 	 {295-298},
  OPTmonth = 	 {},
  OPTnote = 	 {},
  OPTannote = 	 {}
}

@Article{Maragos93a,
  author = 	 {Maragos, P. and Sun, F.K.},
  title = 	 {Measuring the fractal dimension of signals: Morphological covers and iterative optimization.},
  journal = 	 {IEEE Transactions on Signal Processing},
  year = 	 {1993},
  OPTkey = 	 {},
  volume = 	 {41},
  number = 	 {1},
  pages = 	 {108-121},
  OPTmonth = 	 {},
  OPTnote = 	 {},
  OPTannote = 	 {}
}

@article{caselles97gac,
    author = {V. Caselles and R. Kimmel and G. Sapiro},
    title = {Geodesic Active Contours},
    journal = {IJCV},
    volume = {22},
    number = {1},
    year = {1997},
    pages = {61-79}
}

@article{goldenberg01fastGAC,
    Author = "R. Goldenberg and R. Kimmell and E. Rivlin and M. Rudzsky",
    Title = "Fast Geodesic Active Contours",
    journal = "IEEE Trans. on Image Processing",
    volume = "10",
    number = "10",
    pages = "1467-1475",
    year = "2001"
}

@Article{Veeser01a,
  author = 	 {Veeser, S. and Dunn, M. and Yang, G.},
  title = 	 {Multiresolution image registration for two-dimensional gel electrophoresis},
  journal = 	 {Proteomics},
  year = 	 {2001},
  OPTkey = 	 {},
  volume = 	 {1},
  OPTnumber = 	 {},
  pages = 	 {856-870},
  OPTmonth = 	 {},
  OPTnote = 	 {},
  OPTannote = 	 {}
}

@Article{Viola97a,
  author = 	 {Viola, P. and Wells, W.},
  title = 	 {Alignment by Maximization of Mutual Information},
  journal = 	 {International Journal of Computer Vision},
  year = 	 1997,
  volume = 	 24,
  number = 	 2,
  pages = 	 {137-154}
}

@TechReport{Deriche93a,
  author = 	 {Deriche, R.},
  title = 	 {Recursively implementing the Gaussian and its derivatives},
  institution =  {RoboVis program, INRIA Avril },
  year = 	 1993,
  number = 	 1893
}

@Article{Kuhn55a,
  author = 	 {Kuhn, H. W.},
  title = 	 {The Hungarian method for the assignment problem},
  journal = 	 {Naval Research Logistics Quarterly},
  year = 	 1955,
  volume = 	 2,
  pages = 	 {83-97}
}

@Article{Jonker87a,
  author = 	 {Jonker, R. and Volgenant, A.},
  title = 	 {A Shortest Augmenting Path Algorithm for Dense and Sparse Linear Assignment Problems},
  journal = 	 {Computing},
  year = 	 1987,
  volume =	 38,
  pages =	 {325-340}
}

@Article{Scott91a,
  author = 	 {Scott, G. L. and Longuet-Higgins, H. C.},
  title = 	 {An algorithm for associating the features of two images},
  journal = 	 {Proc. R. Soc. Lond B},
  year = 	 1991,
  volume =	 244,
  pages =	 {21-26}
}

@Article{Shapiro92a,
  author = 	 {Shapiro, S. and Brady, J.M.},
  title = 	 {Feature-based correspondence: an eigenvector approach},
  journal = 	 {Image vision and computing},
  year = 	 1992,
  volume =	 10,
  number =	 5,
  pages =	 {283-288}
}

@Article{Umeyama88a,
  author = 	 {Umeyama, S.},
  title = 	 {An eigendecomposition approach to weighted graph matching problems},
  journal = 	 {PAMI},
  year = 	 1988,
  volume =	 10,
  number =	 5,
  pages =	 {695-703}
}

@Article{Luo2001,
  author = 	 {Luo, B. and Hancock, E.R.},
  title = 	 {Structural graph matching using the EM Algorithm and singular value decomposition},
  journal = 	 {PAMI},
  year = 	 2001,
  volume =	 23,
  number =	 10,
  pages =	 {1120-1136}
}

@Unpublished{Appleton2005,
  author = 	 {Appleton, B. and Talbot, H.},
  title = 	 {Globally optimal geodesic active contours},
  note = 	 {Journal of Mathematical Imaging and Vision},
  OPTkey = 	 {},
  OPTmonth = 	 {},
  OPTyear = 	 {},
  OPTannote = 	 {}
}

@Article{Beare99b,
  author = 	 {Beare, R. and Bouzerdoum, A.},
  title = 	 {Biologically inspired local motion detection architecture},
  journal = 	 {Journal of the Optical Society of America},
  year = 	 1999,
  volume =	 16,
  number =	 9,
  pages =	 {2059-2068}
}

@Article{Moini97b,
  author = 	 {Moini, A. and Bouzerdoum, A. and Eshraghian, K. and Yakovleff, A. and Nguyen, X. T. and Blanksby, A. and Beare, R. and Abbott, D. and Bogner, R. E.},
  title = 	 {An Insect Vision-Based Motion Detection Chip},
  journal = 	 {IEEE Journal of Solid-State Circuits},
  year = 	 1997,
  volume =	 32,
  number =	 2,
  pages =	 {279-284},
  month =	 {February}
}

@InProceedings{beare-talbot-ismm2000,
  author =       {Beare, R. and Talbot, H.},
  title =        {Motion segmentation using seeded region growing},
  booktitle =    {Mathematical morphology and its application
                 to Image analysis},
  year =         {2000},
  editor =       {L. Vincent and D. Bloomberg},
  address =      {Palo Alto, California},
  month =        {June},
  organization = {ISMM},
  publisher =    {Kluwer},
  pages = {215-222}
}



@Article{Smith2004a,
  author = 	 {Smith, A. and Young, G. and Cole, S. and Morcom, J. and Esterman, A. and Chandler, H. and LaPointe, L. and Beare, R.},
  title = 	 {A quantifiable fecal immunochemical test (fit) for hemoglobin allows choice of sensitivity and specificity in screening for colorectal neoplasia.},
  journal = 	 {Gastroenterology - in submission},
  year = 	 {2004},
  OPTkey = 	 {},
  OPTvolume = 	 {},
  OPTnumber = 	 {},
  OPTpages = 	 {},
  OPTmonth = 	 {},
  OPTnote = 	 {},
  OPTannote = 	 {}
}

@InProceedings{Laveau2000a,
  author =       {Laveau, N. and Beare, R.},
  title =        {Object tracking and segmentation using region growing},
  booktitle =    {APRS/IEEE Workshop on Stereo Image and Video Processing},
  pages =        {11-14},
  year =         {2000},
  OPTeditor =    {},
  OPTorganization = {AIPR},
        address = {Sydney}
}

@TechReport{Beare-internal-2000a,
  author = 	 {Beare, R.},
  title = 	 {A prototype vision sytstem for splitting beff carcasses},
  institution =  {CSIRO MIS},
  year = 	 2000
}

@TechReport{Beare-internal-1998a,
  author = 	 {Beare, R. and Breen, E.},
  title = 	 {A prototype vision sytstem for automated cow stunning},
  institution =  {CSIRO MIS},
  year = 	 1998
}

@TechReport{Beare-internal-2001a,
  author = 	 {Beare, R.},
  title = 	 {The {\em Voir} Image Analysis Environment},
  institution =  {CSIRO MIS},
  year = 	 2001,
  number =	 {01/68}
}

@TechReport{Beare-internal-2003a,
  author = 	 {Beare, R.},
  title = 	 {An investigation of techniques for registration of 2D electrophoresis gels},
  institution =  {CSIRO MIS},
  year = 	 2003,
  number = 	 {03/98}
}


@TechReport{Beare-internal-2003b,
  author = 	 {Beare, R.},
  title = 	 {A method for tracking platelets in image sequences},
  institution =  {CSIRO MIS},
  year = 	 2003,
  number =	 {03/124}
}

@TechReport{Beare-internal-2003c,
  author = 	 {Beare, R.},
  title = 	 {An investigation of techniques for registration of 2D electrophoresis gels using feature matching},
  institution =  {CSIRO MIS},
  year = 	 2003,
  number = 	 {03/146}
}

@TechReport{Beare-internal-2003d,
  author = 	 {Beare, R.},
  title = 	 {Improving robustness of nucleus-cytoplasm translocation assays},
  institution =  {CSIRO MIS},
  year = 	 2003,
  number =	 {03/184}
}

@TechReport{Beare-internal-2001b,
  author = 	 {Beare, R.},
  title = 	 {Regularised seeded region growing},
  institution =  {CSIRO MIS},
  year = 	 2001,
  number =	 {01/182}
}

@TechReport{Beare-internal-2004a,
  author = 	 {Beare, R.},
  title = 	 {Design document for High Content Analysis compute engine},
  institution =  {CSIRO MIS},
  year = 	 2004,
}


@TechReport{Beare-internal-2005a,
  author = 	 {Beare, R.},
  title = 	 {Improving performance of image arithmetic using SIMD instructio
ns},
  institution =  {CSIRO MIS},
  year = 	 2005,
  number =	 {05/55}
}


@TechReport{Berman-Beare-internal-2005b,
  author = 	 {Beare, R. and Berman, M. and Conor, P. and Coward, D. and Phillips, R. and Whitbourn, L.},
  title = 	 {Objective Grain Quality Testing Project: Image Analysis of Stained Grains: Progress Report (April 2005)},
  institution =  {CSIRO MIS},
  year = 	 2005,
  number =	 {Confidential report 05/36}
}

@InProceedings{Tabain2004a,
  author =       {Tabain, M. and Perrier, P. and Savariaux, C. and Beare, R.},
  title =        {An articulatory prosody study of /u/: motor equivalence},
  booktitle =    {10th Australian International Conference on Speech Science and Technology},
  pages =        {432-435},
  year =         {2004},
}

@Article{Kass1987a,
  author = 	 {Kass, M. and Witkin, A. and Terzopoulos, D.},
  title = 	 {Snakes: Active contour models},
  journal = 	 {International Journal of Computer Vision},
  year = 	 1987,
  volume =	 1,
  number =	 4,
  pages =	 {321-331}
}

@Article{Caselles1997a,
  author = 	 {Caselles, V. and Kimmel, R. and Sapiro, G.},
  title = 	 {Geodesic Active Contours},
  journal = 	 {International Journal of Computer Vision},
  year = 	 1997,
  volume =	 22,
  number =	 1,
  pages =	 {61-79}
}

@Article{Osher1988a,
  author = 	 {Osher, S.J. and Sethian, J.A.},
  title = 	 {Fronts propogating with curvature dependent speed: Algorithms based on Hamiltonian-Jacobi formulations},
  journal = 	 {Journal of Computational Physics},
  year = 	 1988,
  volume =	 72,
  pages =	 {12-49}
}


@InProceedings{Malladi1993a,
  author = 	 {Malladi, R. and Sethian, J.A. and Vemuri, B.C},
  title = 	 {A Topology Independent Shape Modeling Scheme},
  booktitle = 	 {Proceedings of SPIE Conference on Geometric Methods in Computer Vision II},
  pages =	 {246-258},
  year =	 1993,
  volume =	 2031
}

@Article{Malladi1995a,
  author = 	 {Malladi, R. and Sethian, J.A. and Vemuri, B.C.},
  title = 	 {Shape Modeling with Front Propagation: A Level Set Approach},
  journal = 	 {PAMI},
  year = 	 1995,
  volume =	 17,
  number =	 2,
  pages =	 {158-175}
}

@InProceedings{Zanoguera1999a,
  author = 	 {Zanoguera, F. and Marcotegui, B. and Meyer, F.},
  title = 	 {A Toolbox for Interactive Segmentation Based on Nested Partitions},
  booktitle = 	 {ICIP-99},
  year =	 1999
}
@InProceedings{Beare2005a,
  author = 	 {Beare, R.},
  title = 	 {Efficient implementation of the locally constrained wate
rshed transform and seeded region growing},
  booktitle = 	 {International Symposium on Mathematical Morphology},
  year =	 2005
}

@Article{Higgins93a,
  author = 	 {Higgins, W. and Ojard, E.},
  title = 	 {Interactive morphological watershed analysis for 3D medical images},
  journal = 	 {Computerized Medical Imaging and Graphics},
  year = 	 1993,
  volume =	 17,
  number =	 {4/5},
  pages =	 {387-395}
}

@Misc{SpotSoftware,
  author = {Buckley, M. and Beare, R. and Yang, Y.},
  title =	 {http://spot.cmis.csiro.au/spot},
  url= {http://spot.cmis.csiro.au/spot}
}

@inproceedings{Meyer91a,
   AUTHOR =       {F. Meyer},
   TITLE =        {Un algorithme optimal de ligne de partage des eaux},
   YEAR =         {1991},
   month =        nov,
   booktitle =    {Proc. 8\`{e}me Congr\`{e}s Reconnaissance des Formes
                   et Intelligence Artificielle},
   PAGES =        {847-857},
   publisher =    {AFCET}
}

